%YAML 1.1
%TAG !u! tag:unity3d.com,2011:
--- !u!1 &45823819043338380
GameObject:
  m_ObjectHideFlags: 0
  m_CorrespondingSourceObject: {fileID: 0}
  m_PrefabInstance: {fileID: 0}
  m_PrefabAsset: {fileID: 0}
  serializedVersion: 6
  m_Component:
  - component: {fileID: 1988107374074548749}
  - component: {fileID: 1827442811086563890}
  - component: {fileID: 8357869537728978203}
  m_Layer: 5
  m_Name: QueuePanel
  m_TagString: Untagged
  m_Icon: {fileID: 0}
  m_NavMeshLayer: 0
  m_StaticEditorFlags: 0
  m_IsActive: 1
--- !u!224 &1988107374074548749
RectTransform:
  m_ObjectHideFlags: 0
  m_CorrespondingSourceObject: {fileID: 0}
  m_PrefabInstance: {fileID: 0}
  m_PrefabAsset: {fileID: 0}
  m_GameObject: {fileID: 45823819043338380}
  m_LocalRotation: {x: -0, y: -0, z: -0, w: 1}
  m_LocalPosition: {x: 0, y: 0, z: 0}
  m_LocalScale: {x: 1, y: 1, z: 1}
  m_ConstrainProportionsScale: 0
  m_Children:
  - {fileID: 2894982830539453315}
  m_Father: {fileID: 1084230503253919565}
  m_RootOrder: 0
  m_LocalEulerAnglesHint: {x: 0, y: 0, z: 0}
  m_AnchorMin: {x: 0, y: 0}
  m_AnchorMax: {x: 1, y: 0}
  m_AnchoredPosition: {x: 0, y: 267}
  m_SizeDelta: {x: -600, y: 120}
  m_Pivot: {x: 0.5, y: 0}
--- !u!222 &1827442811086563890
CanvasRenderer:
  m_ObjectHideFlags: 0
  m_CorrespondingSourceObject: {fileID: 0}
  m_PrefabInstance: {fileID: 0}
  m_PrefabAsset: {fileID: 0}
  m_GameObject: {fileID: 45823819043338380}
  m_CullTransparentMesh: 1
--- !u!114 &8357869537728978203
MonoBehaviour:
  m_ObjectHideFlags: 0
  m_CorrespondingSourceObject: {fileID: 0}
  m_PrefabInstance: {fileID: 0}
  m_PrefabAsset: {fileID: 0}
  m_GameObject: {fileID: 45823819043338380}
  m_Enabled: 1
  m_EditorHideFlags: 0
  m_Script: {fileID: 11500000, guid: 8a8695521f0d02e499659fee002a26c2, type: 3}
  m_Name: 
  m_EditorClassIdentifier: 
  m_Padding:
    m_Left: 0
    m_Right: 0
    m_Top: 0
    m_Bottom: 0
  m_ChildAlignment: 5
  m_StartCorner: 3
  m_StartAxis: 0
  m_CellSize: {x: 100, y: 100}
  m_Spacing: {x: 10, y: 10}
  m_Constraint: 0
  m_ConstraintCount: 2
--- !u!1 &986753173700205670
GameObject:
  m_ObjectHideFlags: 0
  m_CorrespondingSourceObject: {fileID: 0}
  m_PrefabInstance: {fileID: 0}
  m_PrefabAsset: {fileID: 0}
  serializedVersion: 6
  m_Component:
  - component: {fileID: 5751922812926228864}
  - component: {fileID: 5145785144668910644}
  - component: {fileID: 1011104116494754670}
  m_Layer: 5
  m_Name: Background
  m_TagString: Untagged
  m_Icon: {fileID: 0}
  m_NavMeshLayer: 0
  m_StaticEditorFlags: 0
  m_IsActive: 1
--- !u!224 &5751922812926228864
RectTransform:
  m_ObjectHideFlags: 0
  m_CorrespondingSourceObject: {fileID: 0}
  m_PrefabInstance: {fileID: 0}
  m_PrefabAsset: {fileID: 0}
  m_GameObject: {fileID: 986753173700205670}
  m_LocalRotation: {x: -0, y: -0, z: -0, w: 1}
  m_LocalPosition: {x: 0, y: 0, z: 0}
  m_LocalScale: {x: 1, y: 1, z: 1}
  m_ConstrainProportionsScale: 0
  m_Children: []
  m_Father: {fileID: 2894982830539453315}
  m_RootOrder: 0
  m_LocalEulerAnglesHint: {x: 0, y: 0, z: 0}
  m_AnchorMin: {x: 0, y: 0}
  m_AnchorMax: {x: 1, y: 1}
  m_AnchoredPosition: {x: 0, y: 0}
  m_SizeDelta: {x: 0, y: 0}
  m_Pivot: {x: 0.5, y: 0.5}
--- !u!222 &5145785144668910644
CanvasRenderer:
  m_ObjectHideFlags: 0
  m_CorrespondingSourceObject: {fileID: 0}
  m_PrefabInstance: {fileID: 0}
  m_PrefabAsset: {fileID: 0}
  m_GameObject: {fileID: 986753173700205670}
  m_CullTransparentMesh: 1
--- !u!114 &1011104116494754670
MonoBehaviour:
  m_ObjectHideFlags: 0
  m_CorrespondingSourceObject: {fileID: 0}
  m_PrefabInstance: {fileID: 0}
  m_PrefabAsset: {fileID: 0}
  m_GameObject: {fileID: 986753173700205670}
  m_Enabled: 1
  m_EditorHideFlags: 0
  m_Script: {fileID: 11500000, guid: fe87c0e1cc204ed48ad3b37840f39efc, type: 3}
  m_Name: 
  m_EditorClassIdentifier: 
  m_Material: {fileID: 0}
  m_Color: {r: 0.7372549, g: 0.7372549, b: 0.7372549, a: 1}
  m_RaycastTarget: 1
  m_RaycastPadding: {x: 0, y: 0, z: 0, w: 0}
  m_Maskable: 1
  m_OnCullStateChanged:
    m_PersistentCalls:
      m_Calls: []
  m_Sprite: {fileID: 804150391, guid: ba68a769fc7065a4dba9315416266c99, type: 3}
  m_Type: 1
  m_PreserveAspect: 0
  m_FillCenter: 1
  m_FillMethod: 4
  m_FillAmount: 1
  m_FillClockwise: 1
  m_FillOrigin: 0
  m_UseSpriteMesh: 0
  m_PixelsPerUnitMultiplier: 1
--- !u!1 &1285845542185906293
GameObject:
  m_ObjectHideFlags: 0
  m_CorrespondingSourceObject: {fileID: 0}
  m_PrefabInstance: {fileID: 0}
  m_PrefabAsset: {fileID: 0}
  serializedVersion: 6
  m_Component:
  - component: {fileID: 5636477913658464998}
  - component: {fileID: 4870406296726776231}
  - component: {fileID: 7232622976347005825}
  - component: {fileID: 1861611443917435826}
  m_Layer: 5
  m_Name: ResetButton
  m_TagString: Untagged
  m_Icon: {fileID: 0}
  m_NavMeshLayer: 0
  m_StaticEditorFlags: 0
  m_IsActive: 0
--- !u!224 &5636477913658464998
RectTransform:
  m_ObjectHideFlags: 0
  m_CorrespondingSourceObject: {fileID: 0}
  m_PrefabInstance: {fileID: 0}
  m_PrefabAsset: {fileID: 0}
  m_GameObject: {fileID: 1285845542185906293}
  m_LocalRotation: {x: -0, y: -0, z: -0, w: 1}
  m_LocalPosition: {x: 0, y: 0, z: 0}
  m_LocalScale: {x: 1, y: 1, z: 1}
  m_ConstrainProportionsScale: 0
  m_Children:
  - {fileID: 2080944262928945733}
  m_Father: {fileID: 1084230503253919565}
  m_RootOrder: 3
  m_LocalEulerAnglesHint: {x: 0, y: 0, z: 0}
  m_AnchorMin: {x: 0, y: 0}
  m_AnchorMax: {x: 0, y: 0}
  m_AnchoredPosition: {x: 60, y: 300}
  m_SizeDelta: {x: 200, y: 60}
  m_Pivot: {x: 0, y: 0}
--- !u!222 &4870406296726776231
CanvasRenderer:
  m_ObjectHideFlags: 0
  m_CorrespondingSourceObject: {fileID: 0}
  m_PrefabInstance: {fileID: 0}
  m_PrefabAsset: {fileID: 0}
  m_GameObject: {fileID: 1285845542185906293}
  m_CullTransparentMesh: 1
--- !u!114 &7232622976347005825
MonoBehaviour:
  m_ObjectHideFlags: 0
  m_CorrespondingSourceObject: {fileID: 0}
  m_PrefabInstance: {fileID: 0}
  m_PrefabAsset: {fileID: 0}
  m_GameObject: {fileID: 1285845542185906293}
  m_Enabled: 1
  m_EditorHideFlags: 0
  m_Script: {fileID: 11500000, guid: fe87c0e1cc204ed48ad3b37840f39efc, type: 3}
  m_Name: 
  m_EditorClassIdentifier: 
  m_Material: {fileID: 0}
  m_Color: {r: 0.6226415, g: 0.085172676, b: 0.085172676, a: 1}
  m_RaycastTarget: 1
  m_RaycastPadding: {x: 0, y: 0, z: 0, w: 0}
  m_Maskable: 1
  m_OnCullStateChanged:
    m_PersistentCalls:
      m_Calls: []
  m_Sprite: {fileID: 10905, guid: 0000000000000000f000000000000000, type: 0}
  m_Type: 1
  m_PreserveAspect: 0
  m_FillCenter: 1
  m_FillMethod: 4
  m_FillAmount: 1
  m_FillClockwise: 1
  m_FillOrigin: 0
  m_UseSpriteMesh: 0
  m_PixelsPerUnitMultiplier: 1
--- !u!114 &1861611443917435826
MonoBehaviour:
  m_ObjectHideFlags: 0
  m_CorrespondingSourceObject: {fileID: 0}
  m_PrefabInstance: {fileID: 0}
  m_PrefabAsset: {fileID: 0}
  m_GameObject: {fileID: 1285845542185906293}
  m_Enabled: 1
  m_EditorHideFlags: 0
  m_Script: {fileID: 11500000, guid: 4e29b1a8efbd4b44bb3f3716e73f07ff, type: 3}
  m_Name: 
  m_EditorClassIdentifier: 
  m_Navigation:
    m_Mode: 3
    m_WrapAround: 0
    m_SelectOnUp: {fileID: 0}
    m_SelectOnDown: {fileID: 0}
    m_SelectOnLeft: {fileID: 0}
    m_SelectOnRight: {fileID: 0}
  m_Transition: 1
  m_Colors:
    m_NormalColor: {r: 1, g: 1, b: 1, a: 1}
    m_HighlightedColor: {r: 0.9607843, g: 0.9607843, b: 0.9607843, a: 1}
    m_PressedColor: {r: 0.78431374, g: 0.78431374, b: 0.78431374, a: 1}
    m_SelectedColor: {r: 0.9607843, g: 0.9607843, b: 0.9607843, a: 1}
    m_DisabledColor: {r: 0.78431374, g: 0.78431374, b: 0.78431374, a: 0.5019608}
    m_ColorMultiplier: 1
    m_FadeDuration: 0.1
  m_SpriteState:
    m_HighlightedSprite: {fileID: 0}
    m_PressedSprite: {fileID: 0}
    m_SelectedSprite: {fileID: 0}
    m_DisabledSprite: {fileID: 0}
  m_AnimationTriggers:
    m_NormalTrigger: Normal
    m_HighlightedTrigger: Highlighted
    m_PressedTrigger: Pressed
    m_SelectedTrigger: Selected
    m_DisabledTrigger: Disabled
  m_Interactable: 1
  m_TargetGraphic: {fileID: 7232622976347005825}
  m_OnClick:
    m_PersistentCalls:
      m_Calls:
      - m_Target: {fileID: 1702147629065626739}
        m_TargetAssemblyTypeName: UnitsPanelUI, Assembly-CSharp
        m_MethodName: Clear
        m_Mode: 1
        m_Arguments:
          m_ObjectArgument: {fileID: 0}
          m_ObjectArgumentAssemblyTypeName: UnityEngine.Object, UnityEngine
          m_IntArgument: 0
          m_FloatArgument: 0
          m_StringArgument: 
          m_BoolArgument: 0
        m_CallState: 2
--- !u!1 &2008262444334365572
GameObject:
  m_ObjectHideFlags: 0
  m_CorrespondingSourceObject: {fileID: 0}
  m_PrefabInstance: {fileID: 0}
  m_PrefabAsset: {fileID: 0}
  serializedVersion: 6
  m_Component:
  - component: {fileID: 1610986580222111044}
  - component: {fileID: 719554944890394440}
  - component: {fileID: 4249325568232950849}
  m_Layer: 5
  m_Name: StartTurnText
  m_TagString: Untagged
  m_Icon: {fileID: 0}
  m_NavMeshLayer: 0
  m_StaticEditorFlags: 0
  m_IsActive: 1
--- !u!224 &1610986580222111044
RectTransform:
  m_ObjectHideFlags: 0
  m_CorrespondingSourceObject: {fileID: 0}
  m_PrefabInstance: {fileID: 0}
  m_PrefabAsset: {fileID: 0}
  m_GameObject: {fileID: 2008262444334365572}
  m_LocalRotation: {x: 0, y: 0, z: 0, w: 1}
  m_LocalPosition: {x: 0, y: 0, z: 0}
  m_LocalScale: {x: 1, y: 1, z: 1}
  m_ConstrainProportionsScale: 0
  m_Children: []
  m_Father: {fileID: 4437734462262450925}
  m_RootOrder: 0
  m_LocalEulerAnglesHint: {x: 0, y: 0, z: 0}
  m_AnchorMin: {x: 0, y: 0}
  m_AnchorMax: {x: 1, y: 1}
  m_AnchoredPosition: {x: 0, y: 0}
  m_SizeDelta: {x: 0, y: 0}
  m_Pivot: {x: 0.5, y: 0.5}
--- !u!222 &719554944890394440
CanvasRenderer:
  m_ObjectHideFlags: 0
  m_CorrespondingSourceObject: {fileID: 0}
  m_PrefabInstance: {fileID: 0}
  m_PrefabAsset: {fileID: 0}
  m_GameObject: {fileID: 2008262444334365572}
  m_CullTransparentMesh: 1
--- !u!114 &4249325568232950849
MonoBehaviour:
  m_ObjectHideFlags: 0
  m_CorrespondingSourceObject: {fileID: 0}
  m_PrefabInstance: {fileID: 0}
  m_PrefabAsset: {fileID: 0}
  m_GameObject: {fileID: 2008262444334365572}
  m_Enabled: 1
  m_EditorHideFlags: 0
  m_Script: {fileID: 11500000, guid: f4688fdb7df04437aeb418b961361dc5, type: 3}
  m_Name: 
  m_EditorClassIdentifier: 
  m_Material: {fileID: 0}
  m_Color: {r: 1, g: 1, b: 1, a: 1}
  m_RaycastTarget: 1
  m_RaycastPadding: {x: 0, y: 0, z: 0, w: 0}
  m_Maskable: 1
  m_OnCullStateChanged:
    m_PersistentCalls:
      m_Calls: []
  m_text: Ready!
  m_isRightToLeft: 0
  m_fontAsset: {fileID: 11400000, guid: c0312e236aefe204f95575f0ca14f7d5, type: 2}
  m_sharedMaterial: {fileID: -3727557664168089591, guid: c0312e236aefe204f95575f0ca14f7d5,
    type: 2}
  m_fontSharedMaterials: []
  m_fontMaterial: {fileID: 0}
  m_fontMaterials: []
  m_fontColor32:
    serializedVersion: 2
    rgba: 4281479730
  m_fontColor: {r: 0.19607843, g: 0.19607843, b: 0.19607843, a: 1}
  m_enableVertexGradient: 0
  m_colorMode: 3
  m_fontColorGradient:
    topLeft: {r: 1, g: 1, b: 1, a: 1}
    topRight: {r: 1, g: 1, b: 1, a: 1}
    bottomLeft: {r: 1, g: 1, b: 1, a: 1}
    bottomRight: {r: 1, g: 1, b: 1, a: 1}
  m_fontColorGradientPreset: {fileID: 0}
  m_spriteAsset: {fileID: 0}
  m_tintAllSprites: 0
  m_StyleSheet: {fileID: 0}
  m_TextStyleHashCode: -1183493901
  m_overrideHtmlColors: 0
  m_faceColor:
    serializedVersion: 2
    rgba: 4294967295
  m_fontSize: 24
  m_fontSizeBase: 24
  m_fontWeight: 400
  m_enableAutoSizing: 0
  m_fontSizeMin: 18
  m_fontSizeMax: 72
  m_fontStyle: 0
  m_HorizontalAlignment: 2
  m_VerticalAlignment: 512
  m_textAlignment: 65535
  m_characterSpacing: 0
  m_wordSpacing: 0
  m_lineSpacing: 0
  m_lineSpacingMax: 0
  m_paragraphSpacing: 0
  m_charWidthMaxAdj: 0
  m_enableWordWrapping: 1
  m_wordWrappingRatios: 0.4
  m_overflowMode: 0
  m_linkedTextComponent: {fileID: 0}
  parentLinkedComponent: {fileID: 0}
  m_enableKerning: 1
  m_enableExtraPadding: 0
  checkPaddingRequired: 0
  m_isRichText: 1
  m_parseCtrlCharacters: 1
  m_isOrthographic: 1
  m_isCullingEnabled: 0
  m_horizontalMapping: 0
  m_verticalMapping: 0
  m_uvLineOffset: 0
  m_geometrySortingOrder: 0
  m_IsTextObjectScaleStatic: 0
  m_VertexBufferAutoSizeReduction: 0
  m_useMaxVisibleDescender: 1
  m_pageToDisplay: 1
  m_margin: {x: 0, y: 0, z: 0, w: 0}
  m_isUsingLegacyAnimationComponent: 0
  m_isVolumetricText: 0
  m_hasFontAssetChanged: 0
  m_baseMaterial: {fileID: 0}
  m_maskOffset: {x: 0, y: 0, z: 0, w: 0}
--- !u!1 &2829027632839862054
GameObject:
  m_ObjectHideFlags: 0
  m_CorrespondingSourceObject: {fileID: 0}
  m_PrefabInstance: {fileID: 0}
  m_PrefabAsset: {fileID: 0}
  serializedVersion: 6
  m_Component:
  - component: {fileID: 2080944262928945733}
  - component: {fileID: 1691454398321742606}
  - component: {fileID: 6789452204587175222}
  m_Layer: 5
  m_Name: StartTurnText
  m_TagString: Untagged
  m_Icon: {fileID: 0}
  m_NavMeshLayer: 0
  m_StaticEditorFlags: 0
  m_IsActive: 1
--- !u!224 &2080944262928945733
RectTransform:
  m_ObjectHideFlags: 0
  m_CorrespondingSourceObject: {fileID: 0}
  m_PrefabInstance: {fileID: 0}
  m_PrefabAsset: {fileID: 0}
  m_GameObject: {fileID: 2829027632839862054}
  m_LocalRotation: {x: 0, y: 0, z: 0, w: 1}
  m_LocalPosition: {x: 0, y: 0, z: 0}
  m_LocalScale: {x: 1, y: 1, z: 1}
  m_ConstrainProportionsScale: 0
  m_Children: []
  m_Father: {fileID: 5636477913658464998}
  m_RootOrder: 0
  m_LocalEulerAnglesHint: {x: 0, y: 0, z: 0}
  m_AnchorMin: {x: 0, y: 0}
  m_AnchorMax: {x: 1, y: 1}
  m_AnchoredPosition: {x: 0, y: 0}
  m_SizeDelta: {x: 0, y: 0}
  m_Pivot: {x: 0.5, y: 0.5}
--- !u!222 &1691454398321742606
CanvasRenderer:
  m_ObjectHideFlags: 0
  m_CorrespondingSourceObject: {fileID: 0}
  m_PrefabInstance: {fileID: 0}
  m_PrefabAsset: {fileID: 0}
  m_GameObject: {fileID: 2829027632839862054}
  m_CullTransparentMesh: 1
--- !u!114 &6789452204587175222
MonoBehaviour:
  m_ObjectHideFlags: 0
  m_CorrespondingSourceObject: {fileID: 0}
  m_PrefabInstance: {fileID: 0}
  m_PrefabAsset: {fileID: 0}
  m_GameObject: {fileID: 2829027632839862054}
  m_Enabled: 1
  m_EditorHideFlags: 0
  m_Script: {fileID: 11500000, guid: f4688fdb7df04437aeb418b961361dc5, type: 3}
  m_Name: 
  m_EditorClassIdentifier: 
  m_Material: {fileID: 0}
  m_Color: {r: 1, g: 1, b: 1, a: 1}
  m_RaycastTarget: 1
  m_RaycastPadding: {x: 0, y: 0, z: 0, w: 0}
  m_Maskable: 1
  m_OnCullStateChanged:
    m_PersistentCalls:
      m_Calls: []
  m_text: RESET SLIMES
  m_isRightToLeft: 0
  m_fontAsset: {fileID: 11400000, guid: c0312e236aefe204f95575f0ca14f7d5, type: 2}
  m_sharedMaterial: {fileID: -3727557664168089591, guid: c0312e236aefe204f95575f0ca14f7d5,
    type: 2}
  m_fontSharedMaterials: []
  m_fontMaterial: {fileID: 0}
  m_fontMaterials: []
  m_fontColor32:
    serializedVersion: 2
    rgba: 4281479730
  m_fontColor: {r: 0.19607843, g: 0.19607843, b: 0.19607843, a: 1}
  m_enableVertexGradient: 0
  m_colorMode: 3
  m_fontColorGradient:
    topLeft: {r: 1, g: 1, b: 1, a: 1}
    topRight: {r: 1, g: 1, b: 1, a: 1}
    bottomLeft: {r: 1, g: 1, b: 1, a: 1}
    bottomRight: {r: 1, g: 1, b: 1, a: 1}
  m_fontColorGradientPreset: {fileID: 0}
  m_spriteAsset: {fileID: 0}
  m_tintAllSprites: 0
  m_StyleSheet: {fileID: 0}
  m_TextStyleHashCode: -1183493901
  m_overrideHtmlColors: 0
  m_faceColor:
    serializedVersion: 2
    rgba: 4294967295
  m_fontSize: 24
  m_fontSizeBase: 24
  m_fontWeight: 400
  m_enableAutoSizing: 0
  m_fontSizeMin: 18
  m_fontSizeMax: 72
  m_fontStyle: 0
  m_HorizontalAlignment: 2
  m_VerticalAlignment: 512
  m_textAlignment: 65535
  m_characterSpacing: 0
  m_wordSpacing: 0
  m_lineSpacing: 0
  m_lineSpacingMax: 0
  m_paragraphSpacing: 0
  m_charWidthMaxAdj: 0
  m_enableWordWrapping: 1
  m_wordWrappingRatios: 0.4
  m_overflowMode: 0
  m_linkedTextComponent: {fileID: 0}
  parentLinkedComponent: {fileID: 0}
  m_enableKerning: 1
  m_enableExtraPadding: 0
  checkPaddingRequired: 0
  m_isRichText: 1
  m_parseCtrlCharacters: 1
  m_isOrthographic: 1
  m_isCullingEnabled: 0
  m_horizontalMapping: 0
  m_verticalMapping: 0
  m_uvLineOffset: 0
  m_geometrySortingOrder: 0
  m_IsTextObjectScaleStatic: 0
  m_VertexBufferAutoSizeReduction: 0
  m_useMaxVisibleDescender: 1
  m_pageToDisplay: 1
  m_margin: {x: 0, y: 0, z: 0, w: 0}
  m_isUsingLegacyAnimationComponent: 0
  m_isVolumetricText: 0
  m_hasFontAssetChanged: 0
  m_baseMaterial: {fileID: 0}
  m_maskOffset: {x: 0, y: 0, z: 0, w: 0}
--- !u!1 &3853559514593889337
GameObject:
  m_ObjectHideFlags: 0
  m_CorrespondingSourceObject: {fileID: 0}
  m_PrefabInstance: {fileID: 0}
  m_PrefabAsset: {fileID: 0}
  serializedVersion: 6
  m_Component:
  - component: {fileID: 7763035808542742650}
  - component: {fileID: 7167262142361543010}
  - component: {fileID: 7107217012005137425}
  m_Layer: 5
  m_Name: UnitIcon
  m_TagString: Untagged
  m_Icon: {fileID: 0}
  m_NavMeshLayer: 0
  m_StaticEditorFlags: 0
  m_IsActive: 1
--- !u!224 &7763035808542742650
RectTransform:
  m_ObjectHideFlags: 0
  m_CorrespondingSourceObject: {fileID: 0}
  m_PrefabInstance: {fileID: 0}
  m_PrefabAsset: {fileID: 0}
  m_GameObject: {fileID: 3853559514593889337}
  m_LocalRotation: {x: -0, y: -0, z: -0, w: 1}
  m_LocalPosition: {x: 0, y: 0, z: 0}
  m_LocalScale: {x: 1, y: 1, z: 1}
  m_ConstrainProportionsScale: 0
  m_Children: []
  m_Father: {fileID: 2894982830539453315}
  m_RootOrder: 1
  m_LocalEulerAnglesHint: {x: 0, y: 0, z: 0}
  m_AnchorMin: {x: 0, y: 0}
  m_AnchorMax: {x: 1, y: 1}
  m_AnchoredPosition: {x: 0, y: 0}
  m_SizeDelta: {x: 0, y: 0}
  m_Pivot: {x: 0.5, y: 0.5}
--- !u!222 &7167262142361543010
CanvasRenderer:
  m_ObjectHideFlags: 0
  m_CorrespondingSourceObject: {fileID: 0}
  m_PrefabInstance: {fileID: 0}
  m_PrefabAsset: {fileID: 0}
  m_GameObject: {fileID: 3853559514593889337}
  m_CullTransparentMesh: 1
--- !u!114 &7107217012005137425
MonoBehaviour:
  m_ObjectHideFlags: 0
  m_CorrespondingSourceObject: {fileID: 0}
  m_PrefabInstance: {fileID: 0}
  m_PrefabAsset: {fileID: 0}
  m_GameObject: {fileID: 3853559514593889337}
  m_Enabled: 1
  m_EditorHideFlags: 0
  m_Script: {fileID: 11500000, guid: fe87c0e1cc204ed48ad3b37840f39efc, type: 3}
  m_Name: 
  m_EditorClassIdentifier: 
  m_Material: {fileID: 0}
  m_Color: {r: 1, g: 1, b: 1, a: 1}
  m_RaycastTarget: 1
  m_RaycastPadding: {x: 0, y: 0, z: 0, w: 0}
  m_Maskable: 1
  m_OnCullStateChanged:
    m_PersistentCalls:
      m_Calls: []
  m_Sprite: {fileID: 21300000, guid: 767c47130866d184cab4effecec7a9bd, type: 3}
  m_Type: 0
  m_PreserveAspect: 0
  m_FillCenter: 1
  m_FillMethod: 4
  m_FillAmount: 1
  m_FillClockwise: 1
  m_FillOrigin: 0
  m_UseSpriteMesh: 0
  m_PixelsPerUnitMultiplier: 1
--- !u!1 &3856006336461406900
GameObject:
  m_ObjectHideFlags: 0
  m_CorrespondingSourceObject: {fileID: 0}
  m_PrefabInstance: {fileID: 0}
  m_PrefabAsset: {fileID: 0}
  serializedVersion: 6
  m_Component:
  - component: {fileID: 1084230503253919565}
  - component: {fileID: 7742692145343476840}
  - component: {fileID: 3860068650761505991}
  - component: {fileID: 4850110157811079907}
  - component: {fileID: 1702147629065626739}
  - component: {fileID: 1281368833897555372}
  m_Layer: 5
  m_Name: UnitsCanvas
  m_TagString: Untagged
  m_Icon: {fileID: 0}
  m_NavMeshLayer: 0
  m_StaticEditorFlags: 0
  m_IsActive: 1
--- !u!224 &1084230503253919565
RectTransform:
  m_ObjectHideFlags: 0
  m_CorrespondingSourceObject: {fileID: 0}
  m_PrefabInstance: {fileID: 0}
  m_PrefabAsset: {fileID: 0}
  m_GameObject: {fileID: 3856006336461406900}
  m_LocalRotation: {x: 0, y: 0, z: 0, w: 1}
  m_LocalPosition: {x: 0, y: 0, z: 0}
  m_LocalScale: {x: 0, y: 0, z: 0}
  m_ConstrainProportionsScale: 0
  m_Children:
  - {fileID: 1988107374074548749}
  - {fileID: 4241364670331908259}
  - {fileID: 4437734462262450925}
  - {fileID: 5636477913658464998}
  m_Father: {fileID: 0}
  m_RootOrder: 0
  m_LocalEulerAnglesHint: {x: 0, y: 0, z: 0}
  m_AnchorMin: {x: 0, y: 0}
  m_AnchorMax: {x: 0, y: 0}
  m_AnchoredPosition: {x: 0, y: 0}
  m_SizeDelta: {x: 0, y: 0}
  m_Pivot: {x: 0, y: 0}
--- !u!223 &7742692145343476840
Canvas:
  m_ObjectHideFlags: 0
  m_CorrespondingSourceObject: {fileID: 0}
  m_PrefabInstance: {fileID: 0}
  m_PrefabAsset: {fileID: 0}
  m_GameObject: {fileID: 3856006336461406900}
  m_Enabled: 1
  serializedVersion: 3
  m_RenderMode: 0
  m_Camera: {fileID: 0}
  m_PlaneDistance: 100
  m_PixelPerfect: 0
  m_ReceivesEvents: 1
  m_OverrideSorting: 0
  m_OverridePixelPerfect: 0
  m_SortingBucketNormalizedSize: 0
  m_AdditionalShaderChannelsFlag: 25
  m_SortingLayerID: 0
  m_SortingOrder: 0
  m_TargetDisplay: 0
--- !u!114 &3860068650761505991
MonoBehaviour:
  m_ObjectHideFlags: 0
  m_CorrespondingSourceObject: {fileID: 0}
  m_PrefabInstance: {fileID: 0}
  m_PrefabAsset: {fileID: 0}
  m_GameObject: {fileID: 3856006336461406900}
  m_Enabled: 1
  m_EditorHideFlags: 0
  m_Script: {fileID: 11500000, guid: 0cd44c1031e13a943bb63640046fad76, type: 3}
  m_Name: 
  m_EditorClassIdentifier: 
  m_UiScaleMode: 1
  m_ReferencePixelsPerUnit: 100
  m_ScaleFactor: 1
  m_ReferenceResolution: {x: 1920, y: 1080}
  m_ScreenMatchMode: 0
  m_MatchWidthOrHeight: 1
  m_PhysicalUnit: 3
  m_FallbackScreenDPI: 96
  m_DefaultSpriteDPI: 96
  m_DynamicPixelsPerUnit: 1
  m_PresetInfoIsWorld: 0
--- !u!114 &4850110157811079907
MonoBehaviour:
  m_ObjectHideFlags: 0
  m_CorrespondingSourceObject: {fileID: 0}
  m_PrefabInstance: {fileID: 0}
  m_PrefabAsset: {fileID: 0}
  m_GameObject: {fileID: 3856006336461406900}
  m_Enabled: 1
  m_EditorHideFlags: 0
  m_Script: {fileID: 11500000, guid: dc42784cf147c0c48a680349fa168899, type: 3}
  m_Name: 
  m_EditorClassIdentifier: 
  m_IgnoreReversedGraphics: 1
  m_BlockingObjects: 0
  m_BlockingMask:
    serializedVersion: 2
    m_Bits: 4294967295
--- !u!114 &1702147629065626739
MonoBehaviour:
  m_ObjectHideFlags: 0
  m_CorrespondingSourceObject: {fileID: 0}
  m_PrefabInstance: {fileID: 0}
  m_PrefabAsset: {fileID: 0}
  m_GameObject: {fileID: 3856006336461406900}
  m_Enabled: 1
  m_EditorHideFlags: 0
  m_Script: {fileID: 11500000, guid: 01856b9026918084fa7579389847e986, type: 3}
  m_Name: 
  m_EditorClassIdentifier: 
  resourcesIcons:
  - {fileID: 21300000, guid: 3c8e441cc1e801b489b42579e7590307, type: 3}
  - {fileID: 21300000, guid: 0e8290bd30138b54ca69d32d0070eb0d, type: 3}
  - {fileID: 21300000, guid: f564d9a655cb5254bbfbead415e1fd0e, type: 3}
  - {fileID: 21300000, guid: 159199894073bed488f0e0d82aba85f5, type: 3}
  unitsPanel: {fileID: 6396194842891910418}
  startButton: {fileID: 5452421485020106331}
  slimeSpawner: {fileID: 0}
  unitQueue: {fileID: 1281368833897555372}
  unitQueueTransform: {fileID: 1988107374074548749}
--- !u!114 &1281368833897555372
MonoBehaviour:
  m_ObjectHideFlags: 0
  m_CorrespondingSourceObject: {fileID: 0}
  m_PrefabInstance: {fileID: 0}
  m_PrefabAsset: {fileID: 0}
  m_GameObject: {fileID: 3856006336461406900}
  m_Enabled: 1
  m_EditorHideFlags: 0
  m_Script: {fileID: 11500000, guid: 645a551a2c6803343a307183f041f5bc, type: 3}
  m_Name: 
  m_EditorClassIdentifier: 
  queueTransform: {fileID: 1988107374074548749}
  template: {fileID: 4661240163258442659}
  resetButton: {fileID: 1861611443917435826}
--- !u!1 &4661240163258442659
GameObject:
  m_ObjectHideFlags: 0
  m_CorrespondingSourceObject: {fileID: 0}
  m_PrefabInstance: {fileID: 0}
  m_PrefabAsset: {fileID: 0}
  serializedVersion: 6
  m_Component:
  - component: {fileID: 2894982830539453315}
  - component: {fileID: 1350139572839957317}
  m_Layer: 5
  m_Name: QueueTemplate
  m_TagString: Untagged
  m_Icon: {fileID: 0}
  m_NavMeshLayer: 0
  m_StaticEditorFlags: 0
  m_IsActive: 0
--- !u!224 &2894982830539453315
RectTransform:
  m_ObjectHideFlags: 0
  m_CorrespondingSourceObject: {fileID: 0}
  m_PrefabInstance: {fileID: 0}
  m_PrefabAsset: {fileID: 0}
  m_GameObject: {fileID: 4661240163258442659}
  m_LocalRotation: {x: -0, y: -0, z: -0, w: 1}
  m_LocalPosition: {x: 0, y: 0, z: 0}
  m_LocalScale: {x: 1, y: 1, z: 1}
  m_ConstrainProportionsScale: 0
  m_Children:
  - {fileID: 5751922812926228864}
  - {fileID: 7763035808542742650}
  m_Father: {fileID: 1988107374074548749}
  m_RootOrder: 0
  m_LocalEulerAnglesHint: {x: 0, y: 0, z: 0}
  m_AnchorMin: {x: 0, y: 1}
  m_AnchorMax: {x: 0, y: 1}
  m_AnchoredPosition: {x: 1320, y: -10}
  m_SizeDelta: {x: 100, y: 100}
  m_Pivot: {x: 1, y: 1}
--- !u!114 &1350139572839957317
MonoBehaviour:
  m_ObjectHideFlags: 0
  m_CorrespondingSourceObject: {fileID: 0}
  m_PrefabInstance: {fileID: 0}
  m_PrefabAsset: {fileID: 0}
  m_GameObject: {fileID: 4661240163258442659}
  m_Enabled: 1
  m_EditorHideFlags: 0
  m_Script: {fileID: 11500000, guid: 8b97b1045e5964143b88a0c4da386d45, type: 3}
  m_Name: 
  m_EditorClassIdentifier: 
  image: {fileID: 7107217012005137425}
--- !u!1 &6396194842891910418
GameObject:
  m_ObjectHideFlags: 0
  m_CorrespondingSourceObject: {fileID: 0}
  m_PrefabInstance: {fileID: 0}
  m_PrefabAsset: {fileID: 0}
  serializedVersion: 6
  m_Component:
  - component: {fileID: 4241364670331908259}
  - component: {fileID: 6470359128667121013}
  - component: {fileID: 6474208705440761070}
  m_Layer: 5
  m_Name: UnitsPanel
  m_TagString: Untagged
  m_Icon: {fileID: 0}
  m_NavMeshLayer: 0
  m_StaticEditorFlags: 0
  m_IsActive: 1
--- !u!224 &4241364670331908259
RectTransform:
  m_ObjectHideFlags: 0
  m_CorrespondingSourceObject: {fileID: 0}
  m_PrefabInstance: {fileID: 0}
  m_PrefabAsset: {fileID: 0}
  m_GameObject: {fileID: 6396194842891910418}
  m_LocalRotation: {x: -0, y: -0, z: -0, w: 1}
  m_LocalPosition: {x: 0, y: 0, z: 0}
  m_LocalScale: {x: 1, y: 1, z: 1}
  m_ConstrainProportionsScale: 0
  m_Children:
  - {fileID: 4902674601033613234}
  - {fileID: 7390626795654416185}
  - {fileID: 4342628399012820535}
  - {fileID: 9080920917882465378}
  - {fileID: 2949380606638290682}
  - {fileID: 4503545127573680902}
  - {fileID: 3208764932058231238}
  m_Father: {fileID: 1084230503253919565}
  m_RootOrder: 1
  m_LocalEulerAnglesHint: {x: 0, y: 0, z: 0}
  m_AnchorMin: {x: 0.5, y: 0}
  m_AnchorMax: {x: 0.5, y: 0}
  m_AnchoredPosition: {x: 0, y: 100}
  m_SizeDelta: {x: 890, y: 120}
  m_Pivot: {x: 0.5, y: 0}
--- !u!222 &6470359128667121013
CanvasRenderer:
  m_ObjectHideFlags: 0
  m_CorrespondingSourceObject: {fileID: 0}
  m_PrefabInstance: {fileID: 0}
  m_PrefabAsset: {fileID: 0}
  m_GameObject: {fileID: 6396194842891910418}
  m_CullTransparentMesh: 1
--- !u!114 &6474208705440761070
MonoBehaviour:
  m_ObjectHideFlags: 0
  m_CorrespondingSourceObject: {fileID: 0}
  m_PrefabInstance: {fileID: 0}
  m_PrefabAsset: {fileID: 0}
  m_GameObject: {fileID: 6396194842891910418}
  m_Enabled: 1
  m_EditorHideFlags: 0
  m_Script: {fileID: 11500000, guid: 8a8695521f0d02e499659fee002a26c2, type: 3}
  m_Name: 
  m_EditorClassIdentifier: 
  m_Padding:
    m_Left: 0
    m_Right: 0
    m_Top: 0
    m_Bottom: 0
  m_ChildAlignment: 3
  m_StartCorner: 0
  m_StartAxis: 0
  m_CellSize: {x: 110, y: 150}
  m_Spacing: {x: 20, y: 0}
  m_Constraint: 0
  m_ConstraintCount: 2
--- !u!1 &6921036860820109030
GameObject:
  m_ObjectHideFlags: 0
  m_CorrespondingSourceObject: {fileID: 0}
  m_PrefabInstance: {fileID: 0}
  m_PrefabAsset: {fileID: 0}
  serializedVersion: 6
  m_Component:
  - component: {fileID: 4437734462262450925}
  - component: {fileID: 3824836798638828175}
  - component: {fileID: 2327781587712309523}
  - component: {fileID: 5452421485020106331}
  m_Layer: 5
  m_Name: StartTurnButton
  m_TagString: Untagged
  m_Icon: {fileID: 0}
  m_NavMeshLayer: 0
  m_StaticEditorFlags: 0
  m_IsActive: 1
--- !u!224 &4437734462262450925
RectTransform:
  m_ObjectHideFlags: 0
  m_CorrespondingSourceObject: {fileID: 0}
  m_PrefabInstance: {fileID: 0}
  m_PrefabAsset: {fileID: 0}
  m_GameObject: {fileID: 6921036860820109030}
  m_LocalRotation: {x: -0, y: -0, z: -0, w: 1}
  m_LocalPosition: {x: 0, y: 0, z: 0}
  m_LocalScale: {x: 1, y: 1, z: 1}
  m_ConstrainProportionsScale: 0
  m_Children:
  - {fileID: 1610986580222111044}
  m_Father: {fileID: 1084230503253919565}
  m_RootOrder: 2
  m_LocalEulerAnglesHint: {x: 0, y: 0, z: 0}
  m_AnchorMin: {x: 1, y: 0}
  m_AnchorMax: {x: 1, y: 0}
  m_AnchoredPosition: {x: -250, y: 130}
  m_SizeDelta: {x: 200, y: 60}
  m_Pivot: {x: 1, y: 0}
--- !u!222 &3824836798638828175
CanvasRenderer:
  m_ObjectHideFlags: 0
  m_CorrespondingSourceObject: {fileID: 0}
  m_PrefabInstance: {fileID: 0}
  m_PrefabAsset: {fileID: 0}
  m_GameObject: {fileID: 6921036860820109030}
  m_CullTransparentMesh: 1
--- !u!114 &2327781587712309523
MonoBehaviour:
  m_ObjectHideFlags: 0
  m_CorrespondingSourceObject: {fileID: 0}
  m_PrefabInstance: {fileID: 0}
  m_PrefabAsset: {fileID: 0}
  m_GameObject: {fileID: 6921036860820109030}
  m_Enabled: 1
  m_EditorHideFlags: 0
  m_Script: {fileID: 11500000, guid: fe87c0e1cc204ed48ad3b37840f39efc, type: 3}
  m_Name: 
  m_EditorClassIdentifier: 
  m_Material: {fileID: 0}
  m_Color: {r: 1, g: 1, b: 1, a: 1}
  m_RaycastTarget: 1
  m_RaycastPadding: {x: 0, y: 0, z: 0, w: 0}
  m_Maskable: 1
  m_OnCullStateChanged:
    m_PersistentCalls:
      m_Calls: []
  m_Sprite: {fileID: 10905, guid: 0000000000000000f000000000000000, type: 0}
  m_Type: 1
  m_PreserveAspect: 0
  m_FillCenter: 1
  m_FillMethod: 4
  m_FillAmount: 1
  m_FillClockwise: 1
  m_FillOrigin: 0
  m_UseSpriteMesh: 0
  m_PixelsPerUnitMultiplier: 1
--- !u!114 &5452421485020106331
MonoBehaviour:
  m_ObjectHideFlags: 0
  m_CorrespondingSourceObject: {fileID: 0}
  m_PrefabInstance: {fileID: 0}
  m_PrefabAsset: {fileID: 0}
  m_GameObject: {fileID: 6921036860820109030}
  m_Enabled: 1
  m_EditorHideFlags: 0
  m_Script: {fileID: 11500000, guid: 4e29b1a8efbd4b44bb3f3716e73f07ff, type: 3}
  m_Name: 
  m_EditorClassIdentifier: 
  m_Navigation:
    m_Mode: 3
    m_WrapAround: 0
    m_SelectOnUp: {fileID: 0}
    m_SelectOnDown: {fileID: 0}
    m_SelectOnLeft: {fileID: 0}
    m_SelectOnRight: {fileID: 0}
  m_Transition: 1
  m_Colors:
    m_NormalColor: {r: 1, g: 1, b: 1, a: 1}
    m_HighlightedColor: {r: 0.9607843, g: 0.9607843, b: 0.9607843, a: 1}
    m_PressedColor: {r: 0.78431374, g: 0.78431374, b: 0.78431374, a: 1}
    m_SelectedColor: {r: 0.9607843, g: 0.9607843, b: 0.9607843, a: 1}
    m_DisabledColor: {r: 0.78431374, g: 0.78431374, b: 0.78431374, a: 0.5019608}
    m_ColorMultiplier: 1
    m_FadeDuration: 0.1
  m_SpriteState:
    m_HighlightedSprite: {fileID: 0}
    m_PressedSprite: {fileID: 0}
    m_SelectedSprite: {fileID: 0}
    m_DisabledSprite: {fileID: 0}
  m_AnimationTriggers:
    m_NormalTrigger: Normal
    m_HighlightedTrigger: Highlighted
    m_PressedTrigger: Pressed
    m_SelectedTrigger: Selected
    m_DisabledTrigger: Disabled
  m_Interactable: 1
  m_TargetGraphic: {fileID: 2327781587712309523}
  m_OnClick:
    m_PersistentCalls:
      m_Calls:
      - m_Target: {fileID: 1702147629065626739}
        m_TargetAssemblyTypeName: UnitsPanelUI, Assembly-CSharp
        m_MethodName: NextTurnStage
        m_Mode: 1
        m_Arguments:
          m_ObjectArgument: {fileID: 0}
          m_ObjectArgumentAssemblyTypeName: UnityEngine.Object, UnityEngine
          m_IntArgument: 0
          m_FloatArgument: 0
          m_StringArgument: 
          m_BoolArgument: 0
        m_CallState: 2
--- !u!1001 &468314726317963769
PrefabInstance:
  m_ObjectHideFlags: 0
  serializedVersion: 2
  m_Modification:
    m_TransformParent: {fileID: 4241364670331908259}
    m_Modifications:
    - target: {fileID: 514576410084317245, guid: a17e8ce81a5a71c48911428dc079f16d,
        type: 3}
      propertyPath: m_Sprite
      value: 
      objectReference: {fileID: 21300000, guid: 0a18c98828f798f418920e6363911d9e,
        type: 3}
    - target: {fileID: 3724988842095139812, guid: a17e8ce81a5a71c48911428dc079f16d,
        type: 3}
      propertyPath: unitUI
      value: 
      objectReference: {fileID: 0}
    - target: {fileID: 3724988842095139812, guid: a17e8ce81a5a71c48911428dc079f16d,
        type: 3}
      propertyPath: unitPanelUI
      value: 
      objectReference: {fileID: 1702147629065626739}
    - target: {fileID: 7331940425707411586, guid: a17e8ce81a5a71c48911428dc079f16d,
        type: 3}
      propertyPath: m_AnchorMax.y
      value: 0
      objectReference: {fileID: 0}
    - target: {fileID: 7331940425707411586, guid: a17e8ce81a5a71c48911428dc079f16d,
        type: 3}
      propertyPath: m_AnchorMin.y
      value: 0
      objectReference: {fileID: 0}
    - target: {fileID: 7331940425707411586, guid: a17e8ce81a5a71c48911428dc079f16d,
        type: 3}
      propertyPath: m_SizeDelta.x
      value: 0
      objectReference: {fileID: 0}
    - target: {fileID: 7331940425707411586, guid: a17e8ce81a5a71c48911428dc079f16d,
        type: 3}
      propertyPath: m_SizeDelta.y
      value: 0
      objectReference: {fileID: 0}
    - target: {fileID: 7331940425707411586, guid: a17e8ce81a5a71c48911428dc079f16d,
        type: 3}
      propertyPath: m_AnchoredPosition.x
      value: 0
      objectReference: {fileID: 0}
    - target: {fileID: 7331940425707411586, guid: a17e8ce81a5a71c48911428dc079f16d,
        type: 3}
      propertyPath: m_AnchoredPosition.y
      value: 0
      objectReference: {fileID: 0}
    - target: {fileID: 7561353286091318124, guid: a17e8ce81a5a71c48911428dc079f16d,
        type: 3}
      propertyPath: unitImage
      value: 
      objectReference: {fileID: 97932710103425476}
    - target: {fileID: 7561353286091318124, guid: a17e8ce81a5a71c48911428dc079f16d,
        type: 3}
      propertyPath: unitPanelUI
      value: 
      objectReference: {fileID: 1702147629065626739}
    - target: {fileID: 7948654418565818479, guid: a17e8ce81a5a71c48911428dc079f16d,
        type: 3}
      propertyPath: m_Name
      value: SlimeEarth
      objectReference: {fileID: 0}
    - target: {fileID: 8681287195325650331, guid: a17e8ce81a5a71c48911428dc079f16d,
        type: 3}
      propertyPath: m_Pivot.x
      value: 0.5
      objectReference: {fileID: 0}
    - target: {fileID: 8681287195325650331, guid: a17e8ce81a5a71c48911428dc079f16d,
        type: 3}
      propertyPath: m_Pivot.y
      value: 0.5
      objectReference: {fileID: 0}
    - target: {fileID: 8681287195325650331, guid: a17e8ce81a5a71c48911428dc079f16d,
        type: 3}
      propertyPath: m_RootOrder
      value: 3
      objectReference: {fileID: 0}
    - target: {fileID: 8681287195325650331, guid: a17e8ce81a5a71c48911428dc079f16d,
        type: 3}
      propertyPath: m_AnchorMax.x
      value: 0
      objectReference: {fileID: 0}
    - target: {fileID: 8681287195325650331, guid: a17e8ce81a5a71c48911428dc079f16d,
        type: 3}
      propertyPath: m_AnchorMax.y
      value: 0
      objectReference: {fileID: 0}
    - target: {fileID: 8681287195325650331, guid: a17e8ce81a5a71c48911428dc079f16d,
        type: 3}
      propertyPath: m_AnchorMin.x
      value: 0
      objectReference: {fileID: 0}
    - target: {fileID: 8681287195325650331, guid: a17e8ce81a5a71c48911428dc079f16d,
        type: 3}
      propertyPath: m_AnchorMin.y
      value: 0
      objectReference: {fileID: 0}
    - target: {fileID: 8681287195325650331, guid: a17e8ce81a5a71c48911428dc079f16d,
        type: 3}
      propertyPath: m_SizeDelta.x
      value: 0
      objectReference: {fileID: 0}
    - target: {fileID: 8681287195325650331, guid: a17e8ce81a5a71c48911428dc079f16d,
        type: 3}
      propertyPath: m_SizeDelta.y
      value: 0
      objectReference: {fileID: 0}
    - target: {fileID: 8681287195325650331, guid: a17e8ce81a5a71c48911428dc079f16d,
        type: 3}
      propertyPath: m_LocalPosition.x
      value: 0
      objectReference: {fileID: 0}
    - target: {fileID: 8681287195325650331, guid: a17e8ce81a5a71c48911428dc079f16d,
        type: 3}
      propertyPath: m_LocalPosition.y
      value: 0
      objectReference: {fileID: 0}
    - target: {fileID: 8681287195325650331, guid: a17e8ce81a5a71c48911428dc079f16d,
        type: 3}
      propertyPath: m_LocalPosition.z
      value: 0
      objectReference: {fileID: 0}
    - target: {fileID: 8681287195325650331, guid: a17e8ce81a5a71c48911428dc079f16d,
        type: 3}
      propertyPath: m_LocalRotation.w
      value: 1
      objectReference: {fileID: 0}
    - target: {fileID: 8681287195325650331, guid: a17e8ce81a5a71c48911428dc079f16d,
        type: 3}
      propertyPath: m_LocalRotation.x
      value: 0
      objectReference: {fileID: 0}
    - target: {fileID: 8681287195325650331, guid: a17e8ce81a5a71c48911428dc079f16d,
        type: 3}
      propertyPath: m_LocalRotation.y
      value: 0
      objectReference: {fileID: 0}
    - target: {fileID: 8681287195325650331, guid: a17e8ce81a5a71c48911428dc079f16d,
        type: 3}
      propertyPath: m_LocalRotation.z
      value: 0
      objectReference: {fileID: 0}
    - target: {fileID: 8681287195325650331, guid: a17e8ce81a5a71c48911428dc079f16d,
        type: 3}
      propertyPath: m_AnchoredPosition.x
      value: 0
      objectReference: {fileID: 0}
    - target: {fileID: 8681287195325650331, guid: a17e8ce81a5a71c48911428dc079f16d,
        type: 3}
      propertyPath: m_AnchoredPosition.y
      value: 0
      objectReference: {fileID: 0}
    - target: {fileID: 8681287195325650331, guid: a17e8ce81a5a71c48911428dc079f16d,
        type: 3}
      propertyPath: m_LocalEulerAnglesHint.x
      value: 0
      objectReference: {fileID: 0}
    - target: {fileID: 8681287195325650331, guid: a17e8ce81a5a71c48911428dc079f16d,
        type: 3}
      propertyPath: m_LocalEulerAnglesHint.y
      value: 0
      objectReference: {fileID: 0}
    - target: {fileID: 8681287195325650331, guid: a17e8ce81a5a71c48911428dc079f16d,
        type: 3}
      propertyPath: m_LocalEulerAnglesHint.z
      value: 0
      objectReference: {fileID: 0}
    m_RemovedComponents: []
  m_SourcePrefab: {fileID: 100100000, guid: a17e8ce81a5a71c48911428dc079f16d, type: 3}
--- !u!114 &97932710103425476 stripped
MonoBehaviour:
  m_CorrespondingSourceObject: {fileID: 514576410084317245, guid: a17e8ce81a5a71c48911428dc079f16d,
    type: 3}
  m_PrefabInstance: {fileID: 468314726317963769}
  m_PrefabAsset: {fileID: 0}
  m_GameObject: {fileID: 0}
  m_Enabled: 1
  m_EditorHideFlags: 0
  m_Script: {fileID: 11500000, guid: fe87c0e1cc204ed48ad3b37840f39efc, type: 3}
  m_Name: 
  m_EditorClassIdentifier: 
--- !u!224 &9080920917882465378 stripped
RectTransform:
  m_CorrespondingSourceObject: {fileID: 8681287195325650331, guid: a17e8ce81a5a71c48911428dc079f16d,
    type: 3}
  m_PrefabInstance: {fileID: 468314726317963769}
  m_PrefabAsset: {fileID: 0}
--- !u!1001 &2227847351114879650
PrefabInstance:
  m_ObjectHideFlags: 0
  serializedVersion: 2
  m_Modification:
    m_TransformParent: {fileID: 4241364670331908259}
    m_Modifications:
    - target: {fileID: 514576410084317245, guid: a17e8ce81a5a71c48911428dc079f16d,
        type: 3}
      propertyPath: m_Sprite
      value: 
      objectReference: {fileID: 21300000, guid: e343e8e8c4609b14a818d3d4699654bc,
        type: 3}
    - target: {fileID: 3724988842095139812, guid: a17e8ce81a5a71c48911428dc079f16d,
        type: 3}
      propertyPath: unitUI
      value: 
      objectReference: {fileID: 0}
    - target: {fileID: 3724988842095139812, guid: a17e8ce81a5a71c48911428dc079f16d,
        type: 3}
      propertyPath: unitPanelUI
      value: 
      objectReference: {fileID: 1702147629065626739}
    - target: {fileID: 7331940425707411586, guid: a17e8ce81a5a71c48911428dc079f16d,
        type: 3}
      propertyPath: m_AnchorMax.y
      value: 0
      objectReference: {fileID: 0}
    - target: {fileID: 7331940425707411586, guid: a17e8ce81a5a71c48911428dc079f16d,
        type: 3}
      propertyPath: m_AnchorMin.y
      value: 0
      objectReference: {fileID: 0}
    - target: {fileID: 7331940425707411586, guid: a17e8ce81a5a71c48911428dc079f16d,
        type: 3}
      propertyPath: m_SizeDelta.x
      value: 0
      objectReference: {fileID: 0}
    - target: {fileID: 7331940425707411586, guid: a17e8ce81a5a71c48911428dc079f16d,
        type: 3}
      propertyPath: m_SizeDelta.y
      value: 0
      objectReference: {fileID: 0}
    - target: {fileID: 7331940425707411586, guid: a17e8ce81a5a71c48911428dc079f16d,
        type: 3}
      propertyPath: m_AnchoredPosition.x
      value: 0
      objectReference: {fileID: 0}
    - target: {fileID: 7331940425707411586, guid: a17e8ce81a5a71c48911428dc079f16d,
        type: 3}
      propertyPath: m_AnchoredPosition.y
      value: 0
      objectReference: {fileID: 0}
    - target: {fileID: 7561353286091318124, guid: a17e8ce81a5a71c48911428dc079f16d,
        type: 3}
      propertyPath: slimeData
      value: 
      objectReference: {fileID: 11400000, guid: faf2b49b42c4af941a4a295c8dd30952,
        type: 2}
    - target: {fileID: 7561353286091318124, guid: a17e8ce81a5a71c48911428dc079f16d,
        type: 3}
      propertyPath: unitImage
      value: 
      objectReference: {fileID: 1859639030713436831}
    - target: {fileID: 7561353286091318124, guid: a17e8ce81a5a71c48911428dc079f16d,
        type: 3}
      propertyPath: unitPanelUI
      value: 
      objectReference: {fileID: 1702147629065626739}
    - target: {fileID: 7948654418565818479, guid: a17e8ce81a5a71c48911428dc079f16d,
        type: 3}
      propertyPath: m_Name
      value: SlimeRange
      objectReference: {fileID: 0}
    - target: {fileID: 8681287195325650331, guid: a17e8ce81a5a71c48911428dc079f16d,
        type: 3}
      propertyPath: m_Pivot.x
      value: 0.5
      objectReference: {fileID: 0}
    - target: {fileID: 8681287195325650331, guid: a17e8ce81a5a71c48911428dc079f16d,
        type: 3}
      propertyPath: m_Pivot.y
      value: 0.5
      objectReference: {fileID: 0}
    - target: {fileID: 8681287195325650331, guid: a17e8ce81a5a71c48911428dc079f16d,
        type: 3}
      propertyPath: m_RootOrder
      value: 1
      objectReference: {fileID: 0}
    - target: {fileID: 8681287195325650331, guid: a17e8ce81a5a71c48911428dc079f16d,
        type: 3}
      propertyPath: m_AnchorMax.x
      value: 0
      objectReference: {fileID: 0}
    - target: {fileID: 8681287195325650331, guid: a17e8ce81a5a71c48911428dc079f16d,
        type: 3}
      propertyPath: m_AnchorMax.y
      value: 0
      objectReference: {fileID: 0}
    - target: {fileID: 8681287195325650331, guid: a17e8ce81a5a71c48911428dc079f16d,
        type: 3}
      propertyPath: m_AnchorMin.x
      value: 0
      objectReference: {fileID: 0}
    - target: {fileID: 8681287195325650331, guid: a17e8ce81a5a71c48911428dc079f16d,
        type: 3}
      propertyPath: m_AnchorMin.y
      value: 0
      objectReference: {fileID: 0}
    - target: {fileID: 8681287195325650331, guid: a17e8ce81a5a71c48911428dc079f16d,
        type: 3}
      propertyPath: m_SizeDelta.x
      value: 0
      objectReference: {fileID: 0}
    - target: {fileID: 8681287195325650331, guid: a17e8ce81a5a71c48911428dc079f16d,
        type: 3}
      propertyPath: m_SizeDelta.y
      value: 0
      objectReference: {fileID: 0}
    - target: {fileID: 8681287195325650331, guid: a17e8ce81a5a71c48911428dc079f16d,
        type: 3}
      propertyPath: m_LocalPosition.x
      value: 0
      objectReference: {fileID: 0}
    - target: {fileID: 8681287195325650331, guid: a17e8ce81a5a71c48911428dc079f16d,
        type: 3}
      propertyPath: m_LocalPosition.y
      value: 0
      objectReference: {fileID: 0}
    - target: {fileID: 8681287195325650331, guid: a17e8ce81a5a71c48911428dc079f16d,
        type: 3}
      propertyPath: m_LocalPosition.z
      value: 0
      objectReference: {fileID: 0}
    - target: {fileID: 8681287195325650331, guid: a17e8ce81a5a71c48911428dc079f16d,
        type: 3}
      propertyPath: m_LocalRotation.w
      value: 1
      objectReference: {fileID: 0}
    - target: {fileID: 8681287195325650331, guid: a17e8ce81a5a71c48911428dc079f16d,
        type: 3}
      propertyPath: m_LocalRotation.x
      value: 0
      objectReference: {fileID: 0}
    - target: {fileID: 8681287195325650331, guid: a17e8ce81a5a71c48911428dc079f16d,
        type: 3}
      propertyPath: m_LocalRotation.y
      value: 0
      objectReference: {fileID: 0}
    - target: {fileID: 8681287195325650331, guid: a17e8ce81a5a71c48911428dc079f16d,
        type: 3}
      propertyPath: m_LocalRotation.z
      value: 0
      objectReference: {fileID: 0}
    - target: {fileID: 8681287195325650331, guid: a17e8ce81a5a71c48911428dc079f16d,
        type: 3}
      propertyPath: m_AnchoredPosition.x
      value: 0
      objectReference: {fileID: 0}
    - target: {fileID: 8681287195325650331, guid: a17e8ce81a5a71c48911428dc079f16d,
        type: 3}
      propertyPath: m_AnchoredPosition.y
      value: 0
      objectReference: {fileID: 0}
    - target: {fileID: 8681287195325650331, guid: a17e8ce81a5a71c48911428dc079f16d,
        type: 3}
      propertyPath: m_LocalEulerAnglesHint.x
      value: 0
      objectReference: {fileID: 0}
    - target: {fileID: 8681287195325650331, guid: a17e8ce81a5a71c48911428dc079f16d,
        type: 3}
      propertyPath: m_LocalEulerAnglesHint.y
      value: 0
      objectReference: {fileID: 0}
    - target: {fileID: 8681287195325650331, guid: a17e8ce81a5a71c48911428dc079f16d,
        type: 3}
      propertyPath: m_LocalEulerAnglesHint.z
      value: 0
      objectReference: {fileID: 0}
    m_RemovedComponents: []
  m_SourcePrefab: {fileID: 100100000, guid: a17e8ce81a5a71c48911428dc079f16d, type: 3}
--- !u!114 &1859639030713436831 stripped
MonoBehaviour:
  m_CorrespondingSourceObject: {fileID: 514576410084317245, guid: a17e8ce81a5a71c48911428dc079f16d,
    type: 3}
  m_PrefabInstance: {fileID: 2227847351114879650}
  m_PrefabAsset: {fileID: 0}
  m_GameObject: {fileID: 0}
  m_Enabled: 1
  m_EditorHideFlags: 0
  m_Script: {fileID: 11500000, guid: fe87c0e1cc204ed48ad3b37840f39efc, type: 3}
  m_Name: 
  m_EditorClassIdentifier: 
--- !u!224 &7390626795654416185 stripped
RectTransform:
  m_CorrespondingSourceObject: {fileID: 8681287195325650331, guid: a17e8ce81a5a71c48911428dc079f16d,
    type: 3}
  m_PrefabInstance: {fileID: 2227847351114879650}
  m_PrefabAsset: {fileID: 0}
--- !u!1001 &4356084919352977961
PrefabInstance:
  m_ObjectHideFlags: 0
  serializedVersion: 2
  m_Modification:
    m_TransformParent: {fileID: 4241364670331908259}
    m_Modifications:
    - target: {fileID: 7561353286091318124, guid: a17e8ce81a5a71c48911428dc079f16d,
        type: 3}
      propertyPath: unitImage
      value: 
      objectReference: {fileID: 4276106974986727956}
    - target: {fileID: 7948654418565818479, guid: a17e8ce81a5a71c48911428dc079f16d,
        type: 3}
      propertyPath: m_Name
      value: SlimeMelee
      objectReference: {fileID: 0}
    - target: {fileID: 8681287195325650331, guid: a17e8ce81a5a71c48911428dc079f16d,
        type: 3}
      propertyPath: m_Pivot.x
      value: 0.5
      objectReference: {fileID: 0}
    - target: {fileID: 8681287195325650331, guid: a17e8ce81a5a71c48911428dc079f16d,
        type: 3}
      propertyPath: m_Pivot.y
      value: 0.5
      objectReference: {fileID: 0}
    - target: {fileID: 8681287195325650331, guid: a17e8ce81a5a71c48911428dc079f16d,
        type: 3}
      propertyPath: m_RootOrder
      value: 0
      objectReference: {fileID: 0}
    - target: {fileID: 8681287195325650331, guid: a17e8ce81a5a71c48911428dc079f16d,
        type: 3}
      propertyPath: m_AnchorMax.x
      value: 0
      objectReference: {fileID: 0}
    - target: {fileID: 8681287195325650331, guid: a17e8ce81a5a71c48911428dc079f16d,
        type: 3}
      propertyPath: m_AnchorMax.y
      value: 0
      objectReference: {fileID: 0}
    - target: {fileID: 8681287195325650331, guid: a17e8ce81a5a71c48911428dc079f16d,
        type: 3}
      propertyPath: m_AnchorMin.x
      value: 0
      objectReference: {fileID: 0}
    - target: {fileID: 8681287195325650331, guid: a17e8ce81a5a71c48911428dc079f16d,
        type: 3}
      propertyPath: m_AnchorMin.y
      value: 0
      objectReference: {fileID: 0}
    - target: {fileID: 8681287195325650331, guid: a17e8ce81a5a71c48911428dc079f16d,
        type: 3}
      propertyPath: m_SizeDelta.x
      value: 0
      objectReference: {fileID: 0}
    - target: {fileID: 8681287195325650331, guid: a17e8ce81a5a71c48911428dc079f16d,
        type: 3}
      propertyPath: m_SizeDelta.y
      value: 0
      objectReference: {fileID: 0}
    - target: {fileID: 8681287195325650331, guid: a17e8ce81a5a71c48911428dc079f16d,
        type: 3}
      propertyPath: m_LocalPosition.x
      value: 0
      objectReference: {fileID: 0}
    - target: {fileID: 8681287195325650331, guid: a17e8ce81a5a71c48911428dc079f16d,
        type: 3}
      propertyPath: m_LocalPosition.y
      value: 0
      objectReference: {fileID: 0}
    - target: {fileID: 8681287195325650331, guid: a17e8ce81a5a71c48911428dc079f16d,
        type: 3}
      propertyPath: m_LocalPosition.z
      value: 0
      objectReference: {fileID: 0}
    - target: {fileID: 8681287195325650331, guid: a17e8ce81a5a71c48911428dc079f16d,
        type: 3}
      propertyPath: m_LocalRotation.w
      value: 1
      objectReference: {fileID: 0}
    - target: {fileID: 8681287195325650331, guid: a17e8ce81a5a71c48911428dc079f16d,
        type: 3}
      propertyPath: m_LocalRotation.x
      value: 0
      objectReference: {fileID: 0}
    - target: {fileID: 8681287195325650331, guid: a17e8ce81a5a71c48911428dc079f16d,
        type: 3}
      propertyPath: m_LocalRotation.y
      value: 0
      objectReference: {fileID: 0}
    - target: {fileID: 8681287195325650331, guid: a17e8ce81a5a71c48911428dc079f16d,
        type: 3}
      propertyPath: m_LocalRotation.z
      value: 0
      objectReference: {fileID: 0}
    - target: {fileID: 8681287195325650331, guid: a17e8ce81a5a71c48911428dc079f16d,
        type: 3}
      propertyPath: m_AnchoredPosition.x
      value: 0
      objectReference: {fileID: 0}
    - target: {fileID: 8681287195325650331, guid: a17e8ce81a5a71c48911428dc079f16d,
        type: 3}
      propertyPath: m_AnchoredPosition.y
      value: 0
      objectReference: {fileID: 0}
    - target: {fileID: 8681287195325650331, guid: a17e8ce81a5a71c48911428dc079f16d,
        type: 3}
      propertyPath: m_LocalEulerAnglesHint.x
      value: 0
      objectReference: {fileID: 0}
    - target: {fileID: 8681287195325650331, guid: a17e8ce81a5a71c48911428dc079f16d,
        type: 3}
      propertyPath: m_LocalEulerAnglesHint.y
      value: 0
      objectReference: {fileID: 0}
    - target: {fileID: 8681287195325650331, guid: a17e8ce81a5a71c48911428dc079f16d,
        type: 3}
      propertyPath: m_LocalEulerAnglesHint.z
      value: 0
      objectReference: {fileID: 0}
    m_RemovedComponents: []
  m_SourcePrefab: {fileID: 100100000, guid: a17e8ce81a5a71c48911428dc079f16d, type: 3}
--- !u!114 &4276106974986727956 stripped
MonoBehaviour:
  m_CorrespondingSourceObject: {fileID: 514576410084317245, guid: a17e8ce81a5a71c48911428dc079f16d,
    type: 3}
  m_PrefabInstance: {fileID: 4356084919352977961}
  m_PrefabAsset: {fileID: 0}
  m_GameObject: {fileID: 0}
  m_Enabled: 1
  m_EditorHideFlags: 0
  m_Script: {fileID: 11500000, guid: fe87c0e1cc204ed48ad3b37840f39efc, type: 3}
  m_Name: 
  m_EditorClassIdentifier: 
--- !u!224 &4902674601033613234 stripped
RectTransform:
  m_CorrespondingSourceObject: {fileID: 8681287195325650331, guid: a17e8ce81a5a71c48911428dc079f16d,
    type: 3}
  m_PrefabInstance: {fileID: 4356084919352977961}
  m_PrefabAsset: {fileID: 0}
--- !u!1001 &4917435120109413292
PrefabInstance:
  m_ObjectHideFlags: 0
  serializedVersion: 2
  m_Modification:
    m_TransformParent: {fileID: 4241364670331908259}
    m_Modifications:
    - target: {fileID: 514576410084317245, guid: a17e8ce81a5a71c48911428dc079f16d,
        type: 3}
      propertyPath: m_Sprite
      value: 
      objectReference: {fileID: 21300000, guid: 781012cfcfb214f4c801f150cb1bf31b,
        type: 3}
    - target: {fileID: 3724988842095139812, guid: a17e8ce81a5a71c48911428dc079f16d,
        type: 3}
      propertyPath: unitUI
      value: 
      objectReference: {fileID: 0}
    - target: {fileID: 3724988842095139812, guid: a17e8ce81a5a71c48911428dc079f16d,
        type: 3}
      propertyPath: unitPanelUI
      value: 
      objectReference: {fileID: 1702147629065626739}
    - target: {fileID: 7331940425707411586, guid: a17e8ce81a5a71c48911428dc079f16d,
        type: 3}
      propertyPath: m_AnchorMax.y
      value: 0
      objectReference: {fileID: 0}
    - target: {fileID: 7331940425707411586, guid: a17e8ce81a5a71c48911428dc079f16d,
        type: 3}
      propertyPath: m_AnchorMin.y
      value: 0
      objectReference: {fileID: 0}
    - target: {fileID: 7331940425707411586, guid: a17e8ce81a5a71c48911428dc079f16d,
        type: 3}
      propertyPath: m_SizeDelta.x
      value: 0
      objectReference: {fileID: 0}
    - target: {fileID: 7331940425707411586, guid: a17e8ce81a5a71c48911428dc079f16d,
        type: 3}
      propertyPath: m_SizeDelta.y
      value: 0
      objectReference: {fileID: 0}
    - target: {fileID: 7331940425707411586, guid: a17e8ce81a5a71c48911428dc079f16d,
        type: 3}
      propertyPath: m_AnchoredPosition.x
      value: 0
      objectReference: {fileID: 0}
    - target: {fileID: 7331940425707411586, guid: a17e8ce81a5a71c48911428dc079f16d,
        type: 3}
      propertyPath: m_AnchoredPosition.y
      value: 0
      objectReference: {fileID: 0}
    - target: {fileID: 7561353286091318124, guid: a17e8ce81a5a71c48911428dc079f16d,
        type: 3}
      propertyPath: unitImage
      value: 
      objectReference: {fileID: 4835205414594935697}
    - target: {fileID: 7561353286091318124, guid: a17e8ce81a5a71c48911428dc079f16d,
        type: 3}
      propertyPath: unitPanelUI
      value: 
      objectReference: {fileID: 1702147629065626739}
    - target: {fileID: 7948654418565818479, guid: a17e8ce81a5a71c48911428dc079f16d,
        type: 3}
      propertyPath: m_Name
      value: SlimeBig
      objectReference: {fileID: 0}
    - target: {fileID: 8681287195325650331, guid: a17e8ce81a5a71c48911428dc079f16d,
        type: 3}
      propertyPath: m_Pivot.x
      value: 0.5
      objectReference: {fileID: 0}
    - target: {fileID: 8681287195325650331, guid: a17e8ce81a5a71c48911428dc079f16d,
        type: 3}
      propertyPath: m_Pivot.y
      value: 0.5
      objectReference: {fileID: 0}
    - target: {fileID: 8681287195325650331, guid: a17e8ce81a5a71c48911428dc079f16d,
        type: 3}
      propertyPath: m_RootOrder
      value: 2
      objectReference: {fileID: 0}
    - target: {fileID: 8681287195325650331, guid: a17e8ce81a5a71c48911428dc079f16d,
        type: 3}
      propertyPath: m_AnchorMax.x
      value: 0
      objectReference: {fileID: 0}
    - target: {fileID: 8681287195325650331, guid: a17e8ce81a5a71c48911428dc079f16d,
        type: 3}
      propertyPath: m_AnchorMax.y
      value: 0
      objectReference: {fileID: 0}
    - target: {fileID: 8681287195325650331, guid: a17e8ce81a5a71c48911428dc079f16d,
        type: 3}
      propertyPath: m_AnchorMin.x
      value: 0
      objectReference: {fileID: 0}
    - target: {fileID: 8681287195325650331, guid: a17e8ce81a5a71c48911428dc079f16d,
        type: 3}
      propertyPath: m_AnchorMin.y
      value: 0
      objectReference: {fileID: 0}
    - target: {fileID: 8681287195325650331, guid: a17e8ce81a5a71c48911428dc079f16d,
        type: 3}
      propertyPath: m_SizeDelta.x
      value: 0
      objectReference: {fileID: 0}
    - target: {fileID: 8681287195325650331, guid: a17e8ce81a5a71c48911428dc079f16d,
        type: 3}
      propertyPath: m_SizeDelta.y
      value: 0
      objectReference: {fileID: 0}
    - target: {fileID: 8681287195325650331, guid: a17e8ce81a5a71c48911428dc079f16d,
        type: 3}
      propertyPath: m_LocalPosition.x
      value: 0
      objectReference: {fileID: 0}
    - target: {fileID: 8681287195325650331, guid: a17e8ce81a5a71c48911428dc079f16d,
        type: 3}
      propertyPath: m_LocalPosition.y
      value: 0
      objectReference: {fileID: 0}
    - target: {fileID: 8681287195325650331, guid: a17e8ce81a5a71c48911428dc079f16d,
        type: 3}
      propertyPath: m_LocalPosition.z
      value: 0
      objectReference: {fileID: 0}
    - target: {fileID: 8681287195325650331, guid: a17e8ce81a5a71c48911428dc079f16d,
        type: 3}
      propertyPath: m_LocalRotation.w
      value: 1
      objectReference: {fileID: 0}
    - target: {fileID: 8681287195325650331, guid: a17e8ce81a5a71c48911428dc079f16d,
        type: 3}
      propertyPath: m_LocalRotation.x
      value: 0
      objectReference: {fileID: 0}
    - target: {fileID: 8681287195325650331, guid: a17e8ce81a5a71c48911428dc079f16d,
        type: 3}
      propertyPath: m_LocalRotation.y
      value: 0
      objectReference: {fileID: 0}
    - target: {fileID: 8681287195325650331, guid: a17e8ce81a5a71c48911428dc079f16d,
        type: 3}
      propertyPath: m_LocalRotation.z
      value: 0
      objectReference: {fileID: 0}
    - target: {fileID: 8681287195325650331, guid: a17e8ce81a5a71c48911428dc079f16d,
        type: 3}
      propertyPath: m_AnchoredPosition.x
      value: 0
      objectReference: {fileID: 0}
    - target: {fileID: 8681287195325650331, guid: a17e8ce81a5a71c48911428dc079f16d,
        type: 3}
      propertyPath: m_AnchoredPosition.y
      value: 0
      objectReference: {fileID: 0}
    - target: {fileID: 8681287195325650331, guid: a17e8ce81a5a71c48911428dc079f16d,
        type: 3}
      propertyPath: m_LocalEulerAnglesHint.x
      value: 0
      objectReference: {fileID: 0}
    - target: {fileID: 8681287195325650331, guid: a17e8ce81a5a71c48911428dc079f16d,
        type: 3}
      propertyPath: m_LocalEulerAnglesHint.y
      value: 0
      objectReference: {fileID: 0}
    - target: {fileID: 8681287195325650331, guid: a17e8ce81a5a71c48911428dc079f16d,
        type: 3}
      propertyPath: m_LocalEulerAnglesHint.z
      value: 0
      objectReference: {fileID: 0}
    m_RemovedComponents: []
  m_SourcePrefab: {fileID: 100100000, guid: a17e8ce81a5a71c48911428dc079f16d, type: 3}
--- !u!224 &4342628399012820535 stripped
RectTransform:
  m_CorrespondingSourceObject: {fileID: 8681287195325650331, guid: a17e8ce81a5a71c48911428dc079f16d,
    type: 3}
  m_PrefabInstance: {fileID: 4917435120109413292}
  m_PrefabAsset: {fileID: 0}
--- !u!114 &4835205414594935697 stripped
MonoBehaviour:
  m_CorrespondingSourceObject: {fileID: 514576410084317245, guid: a17e8ce81a5a71c48911428dc079f16d,
    type: 3}
  m_PrefabInstance: {fileID: 4917435120109413292}
  m_PrefabAsset: {fileID: 0}
  m_GameObject: {fileID: 0}
  m_Enabled: 1
  m_EditorHideFlags: 0
  m_Script: {fileID: 11500000, guid: fe87c0e1cc204ed48ad3b37840f39efc, type: 3}
  m_Name: 
  m_EditorClassIdentifier: 
--- !u!1001 &5045701584729679517
PrefabInstance:
  m_ObjectHideFlags: 0
  serializedVersion: 2
  m_Modification:
    m_TransformParent: {fileID: 4241364670331908259}
    m_Modifications:
    - target: {fileID: 514576410084317245, guid: a17e8ce81a5a71c48911428dc079f16d,
        type: 3}
      propertyPath: m_Sprite
      value: 
      objectReference: {fileID: 21300000, guid: 6c202bd3ca21b7d46ab2b64f6deab192,
        type: 3}
    - target: {fileID: 3724988842095139812, guid: a17e8ce81a5a71c48911428dc079f16d,
        type: 3}
      propertyPath: unitUI
      value: 
      objectReference: {fileID: 0}
    - target: {fileID: 3724988842095139812, guid: a17e8ce81a5a71c48911428dc079f16d,
        type: 3}
      propertyPath: unitPanelUI
      value: 
      objectReference: {fileID: 1702147629065626739}
    - target: {fileID: 7331940425707411586, guid: a17e8ce81a5a71c48911428dc079f16d,
        type: 3}
      propertyPath: m_AnchorMax.y
      value: 0
      objectReference: {fileID: 0}
    - target: {fileID: 7331940425707411586, guid: a17e8ce81a5a71c48911428dc079f16d,
        type: 3}
      propertyPath: m_AnchorMin.y
      value: 0
      objectReference: {fileID: 0}
    - target: {fileID: 7331940425707411586, guid: a17e8ce81a5a71c48911428dc079f16d,
        type: 3}
      propertyPath: m_SizeDelta.x
      value: 0
      objectReference: {fileID: 0}
    - target: {fileID: 7331940425707411586, guid: a17e8ce81a5a71c48911428dc079f16d,
        type: 3}
      propertyPath: m_SizeDelta.y
      value: 0
      objectReference: {fileID: 0}
    - target: {fileID: 7331940425707411586, guid: a17e8ce81a5a71c48911428dc079f16d,
        type: 3}
      propertyPath: m_AnchoredPosition.x
      value: 0
      objectReference: {fileID: 0}
    - target: {fileID: 7331940425707411586, guid: a17e8ce81a5a71c48911428dc079f16d,
        type: 3}
      propertyPath: m_AnchoredPosition.y
      value: 0
      objectReference: {fileID: 0}
    - target: {fileID: 7561353286091318124, guid: a17e8ce81a5a71c48911428dc079f16d,
        type: 3}
      propertyPath: unitImage
      value: 
      objectReference: {fileID: 4693254797890895520}
    - target: {fileID: 7561353286091318124, guid: a17e8ce81a5a71c48911428dc079f16d,
        type: 3}
      propertyPath: unitPanelUI
      value: 
      objectReference: {fileID: 1702147629065626739}
    - target: {fileID: 7948654418565818479, guid: a17e8ce81a5a71c48911428dc079f16d,
        type: 3}
      propertyPath: m_Name
      value: SlimeThunder
      objectReference: {fileID: 0}
    - target: {fileID: 8681287195325650331, guid: a17e8ce81a5a71c48911428dc079f16d,
        type: 3}
      propertyPath: m_Pivot.x
      value: 0.5
      objectReference: {fileID: 0}
    - target: {fileID: 8681287195325650331, guid: a17e8ce81a5a71c48911428dc079f16d,
        type: 3}
      propertyPath: m_Pivot.y
      value: 0.5
      objectReference: {fileID: 0}
    - target: {fileID: 8681287195325650331, guid: a17e8ce81a5a71c48911428dc079f16d,
        type: 3}
      propertyPath: m_RootOrder
      value: 5
      objectReference: {fileID: 0}
    - target: {fileID: 8681287195325650331, guid: a17e8ce81a5a71c48911428dc079f16d,
        type: 3}
      propertyPath: m_AnchorMax.x
      value: 0
      objectReference: {fileID: 0}
    - target: {fileID: 8681287195325650331, guid: a17e8ce81a5a71c48911428dc079f16d,
        type: 3}
      propertyPath: m_AnchorMax.y
      value: 0
      objectReference: {fileID: 0}
    - target: {fileID: 8681287195325650331, guid: a17e8ce81a5a71c48911428dc079f16d,
        type: 3}
      propertyPath: m_AnchorMin.x
      value: 0
      objectReference: {fileID: 0}
    - target: {fileID: 8681287195325650331, guid: a17e8ce81a5a71c48911428dc079f16d,
        type: 3}
      propertyPath: m_AnchorMin.y
      value: 0
      objectReference: {fileID: 0}
    - target: {fileID: 8681287195325650331, guid: a17e8ce81a5a71c48911428dc079f16d,
        type: 3}
      propertyPath: m_SizeDelta.x
      value: 0
      objectReference: {fileID: 0}
    - target: {fileID: 8681287195325650331, guid: a17e8ce81a5a71c48911428dc079f16d,
        type: 3}
      propertyPath: m_SizeDelta.y
      value: 0
      objectReference: {fileID: 0}
    - target: {fileID: 8681287195325650331, guid: a17e8ce81a5a71c48911428dc079f16d,
        type: 3}
      propertyPath: m_LocalPosition.x
      value: 0
      objectReference: {fileID: 0}
    - target: {fileID: 8681287195325650331, guid: a17e8ce81a5a71c48911428dc079f16d,
        type: 3}
      propertyPath: m_LocalPosition.y
      value: 0
      objectReference: {fileID: 0}
    - target: {fileID: 8681287195325650331, guid: a17e8ce81a5a71c48911428dc079f16d,
        type: 3}
      propertyPath: m_LocalPosition.z
      value: 0
      objectReference: {fileID: 0}
    - target: {fileID: 8681287195325650331, guid: a17e8ce81a5a71c48911428dc079f16d,
        type: 3}
      propertyPath: m_LocalRotation.w
      value: 1
      objectReference: {fileID: 0}
    - target: {fileID: 8681287195325650331, guid: a17e8ce81a5a71c48911428dc079f16d,
        type: 3}
      propertyPath: m_LocalRotation.x
      value: 0
      objectReference: {fileID: 0}
    - target: {fileID: 8681287195325650331, guid: a17e8ce81a5a71c48911428dc079f16d,
        type: 3}
      propertyPath: m_LocalRotation.y
      value: 0
      objectReference: {fileID: 0}
    - target: {fileID: 8681287195325650331, guid: a17e8ce81a5a71c48911428dc079f16d,
        type: 3}
      propertyPath: m_LocalRotation.z
      value: 0
      objectReference: {fileID: 0}
    - target: {fileID: 8681287195325650331, guid: a17e8ce81a5a71c48911428dc079f16d,
        type: 3}
      propertyPath: m_AnchoredPosition.x
      value: 0
      objectReference: {fileID: 0}
    - target: {fileID: 8681287195325650331, guid: a17e8ce81a5a71c48911428dc079f16d,
        type: 3}
      propertyPath: m_AnchoredPosition.y
      value: 0
      objectReference: {fileID: 0}
    - target: {fileID: 8681287195325650331, guid: a17e8ce81a5a71c48911428dc079f16d,
        type: 3}
      propertyPath: m_LocalEulerAnglesHint.x
      value: 0
      objectReference: {fileID: 0}
    - target: {fileID: 8681287195325650331, guid: a17e8ce81a5a71c48911428dc079f16d,
        type: 3}
      propertyPath: m_LocalEulerAnglesHint.y
      value: 0
      objectReference: {fileID: 0}
    - target: {fileID: 8681287195325650331, guid: a17e8ce81a5a71c48911428dc079f16d,
        type: 3}
      propertyPath: m_LocalEulerAnglesHint.z
      value: 0
      objectReference: {fileID: 0}
    m_RemovedComponents: []
  m_SourcePrefab: {fileID: 100100000, guid: a17e8ce81a5a71c48911428dc079f16d, type: 3}
--- !u!224 &4503545127573680902 stripped
RectTransform:
  m_CorrespondingSourceObject: {fileID: 8681287195325650331, guid: a17e8ce81a5a71c48911428dc079f16d,
    type: 3}
  m_PrefabInstance: {fileID: 5045701584729679517}
  m_PrefabAsset: {fileID: 0}
--- !u!114 &4693254797890895520 stripped
MonoBehaviour:
  m_CorrespondingSourceObject: {fileID: 514576410084317245, guid: a17e8ce81a5a71c48911428dc079f16d,
    type: 3}
  m_PrefabInstance: {fileID: 5045701584729679517}
  m_PrefabAsset: {fileID: 0}
  m_GameObject: {fileID: 0}
  m_Enabled: 1
  m_EditorHideFlags: 0
  m_Script: {fileID: 11500000, guid: fe87c0e1cc204ed48ad3b37840f39efc, type: 3}
  m_Name: 
  m_EditorClassIdentifier: 
--- !u!1001 &5806387575074693985
PrefabInstance:
  m_ObjectHideFlags: 0
  serializedVersion: 2
  m_Modification:
    m_TransformParent: {fileID: 4241364670331908259}
    m_Modifications:
    - target: {fileID: 514576410084317245, guid: a17e8ce81a5a71c48911428dc079f16d,
        type: 3}
      propertyPath: m_Sprite
      value: 
      objectReference: {fileID: 21300000, guid: 31b7e9c199667fa47823decaa85bbb64,
        type: 3}
    - target: {fileID: 3724988842095139812, guid: a17e8ce81a5a71c48911428dc079f16d,
        type: 3}
      propertyPath: unitUI
      value: 
      objectReference: {fileID: 0}
    - target: {fileID: 3724988842095139812, guid: a17e8ce81a5a71c48911428dc079f16d,
        type: 3}
      propertyPath: unitPanelUI
      value: 
      objectReference: {fileID: 1702147629065626739}
    - target: {fileID: 7331940425707411586, guid: a17e8ce81a5a71c48911428dc079f16d,
        type: 3}
      propertyPath: m_AnchorMax.y
      value: 0
      objectReference: {fileID: 0}
    - target: {fileID: 7331940425707411586, guid: a17e8ce81a5a71c48911428dc079f16d,
        type: 3}
      propertyPath: m_AnchorMin.y
      value: 0
      objectReference: {fileID: 0}
    - target: {fileID: 7331940425707411586, guid: a17e8ce81a5a71c48911428dc079f16d,
        type: 3}
      propertyPath: m_SizeDelta.x
      value: 0
      objectReference: {fileID: 0}
    - target: {fileID: 7331940425707411586, guid: a17e8ce81a5a71c48911428dc079f16d,
        type: 3}
      propertyPath: m_SizeDelta.y
      value: 0
      objectReference: {fileID: 0}
    - target: {fileID: 7331940425707411586, guid: a17e8ce81a5a71c48911428dc079f16d,
        type: 3}
      propertyPath: m_AnchoredPosition.x
      value: 0
      objectReference: {fileID: 0}
    - target: {fileID: 7331940425707411586, guid: a17e8ce81a5a71c48911428dc079f16d,
        type: 3}
      propertyPath: m_AnchoredPosition.y
      value: 0
      objectReference: {fileID: 0}
    - target: {fileID: 7561353286091318124, guid: a17e8ce81a5a71c48911428dc079f16d,
        type: 3}
      propertyPath: unitImage
      value: 
      objectReference: {fileID: 6318631884470270812}
    - target: {fileID: 7561353286091318124, guid: a17e8ce81a5a71c48911428dc079f16d,
        type: 3}
      propertyPath: unitPanelUI
      value: 
      objectReference: {fileID: 1702147629065626739}
    - target: {fileID: 7948654418565818479, guid: a17e8ce81a5a71c48911428dc079f16d,
        type: 3}
      propertyPath: m_Name
      value: SlimeWater
      objectReference: {fileID: 0}
    - target: {fileID: 8681287195325650331, guid: a17e8ce81a5a71c48911428dc079f16d,
        type: 3}
      propertyPath: m_Pivot.x
      value: 0.5
      objectReference: {fileID: 0}
    - target: {fileID: 8681287195325650331, guid: a17e8ce81a5a71c48911428dc079f16d,
        type: 3}
      propertyPath: m_Pivot.y
      value: 0.5
      objectReference: {fileID: 0}
    - target: {fileID: 8681287195325650331, guid: a17e8ce81a5a71c48911428dc079f16d,
        type: 3}
      propertyPath: m_RootOrder
      value: 4
      objectReference: {fileID: 0}
    - target: {fileID: 8681287195325650331, guid: a17e8ce81a5a71c48911428dc079f16d,
        type: 3}
      propertyPath: m_AnchorMax.x
      value: 0
      objectReference: {fileID: 0}
    - target: {fileID: 8681287195325650331, guid: a17e8ce81a5a71c48911428dc079f16d,
        type: 3}
      propertyPath: m_AnchorMax.y
      value: 0
      objectReference: {fileID: 0}
    - target: {fileID: 8681287195325650331, guid: a17e8ce81a5a71c48911428dc079f16d,
        type: 3}
      propertyPath: m_AnchorMin.x
      value: 0
      objectReference: {fileID: 0}
    - target: {fileID: 8681287195325650331, guid: a17e8ce81a5a71c48911428dc079f16d,
        type: 3}
      propertyPath: m_AnchorMin.y
      value: 0
      objectReference: {fileID: 0}
    - target: {fileID: 8681287195325650331, guid: a17e8ce81a5a71c48911428dc079f16d,
        type: 3}
      propertyPath: m_SizeDelta.x
      value: 0
      objectReference: {fileID: 0}
    - target: {fileID: 8681287195325650331, guid: a17e8ce81a5a71c48911428dc079f16d,
        type: 3}
      propertyPath: m_SizeDelta.y
      value: 0
      objectReference: {fileID: 0}
    - target: {fileID: 8681287195325650331, guid: a17e8ce81a5a71c48911428dc079f16d,
        type: 3}
      propertyPath: m_LocalPosition.x
      value: 0
      objectReference: {fileID: 0}
    - target: {fileID: 8681287195325650331, guid: a17e8ce81a5a71c48911428dc079f16d,
        type: 3}
      propertyPath: m_LocalPosition.y
      value: 0
      objectReference: {fileID: 0}
    - target: {fileID: 8681287195325650331, guid: a17e8ce81a5a71c48911428dc079f16d,
        type: 3}
      propertyPath: m_LocalPosition.z
      value: 0
      objectReference: {fileID: 0}
    - target: {fileID: 8681287195325650331, guid: a17e8ce81a5a71c48911428dc079f16d,
        type: 3}
      propertyPath: m_LocalRotation.w
      value: 1
      objectReference: {fileID: 0}
    - target: {fileID: 8681287195325650331, guid: a17e8ce81a5a71c48911428dc079f16d,
        type: 3}
      propertyPath: m_LocalRotation.x
      value: 0
      objectReference: {fileID: 0}
    - target: {fileID: 8681287195325650331, guid: a17e8ce81a5a71c48911428dc079f16d,
        type: 3}
      propertyPath: m_LocalRotation.y
      value: 0
      objectReference: {fileID: 0}
    - target: {fileID: 8681287195325650331, guid: a17e8ce81a5a71c48911428dc079f16d,
        type: 3}
      propertyPath: m_LocalRotation.z
      value: 0
      objectReference: {fileID: 0}
    - target: {fileID: 8681287195325650331, guid: a17e8ce81a5a71c48911428dc079f16d,
        type: 3}
      propertyPath: m_AnchoredPosition.x
      value: 0
      objectReference: {fileID: 0}
    - target: {fileID: 8681287195325650331, guid: a17e8ce81a5a71c48911428dc079f16d,
        type: 3}
      propertyPath: m_AnchoredPosition.y
      value: 0
      objectReference: {fileID: 0}
    - target: {fileID: 8681287195325650331, guid: a17e8ce81a5a71c48911428dc079f16d,
        type: 3}
      propertyPath: m_LocalEulerAnglesHint.x
      value: 0
      objectReference: {fileID: 0}
    - target: {fileID: 8681287195325650331, guid: a17e8ce81a5a71c48911428dc079f16d,
        type: 3}
      propertyPath: m_LocalEulerAnglesHint.y
      value: 0
      objectReference: {fileID: 0}
    - target: {fileID: 8681287195325650331, guid: a17e8ce81a5a71c48911428dc079f16d,
        type: 3}
      propertyPath: m_LocalEulerAnglesHint.z
      value: 0
      objectReference: {fileID: 0}
    m_RemovedComponents: []
  m_SourcePrefab: {fileID: 100100000, guid: a17e8ce81a5a71c48911428dc079f16d, type: 3}
--- !u!224 &2949380606638290682 stripped
RectTransform:
  m_CorrespondingSourceObject: {fileID: 8681287195325650331, guid: a17e8ce81a5a71c48911428dc079f16d,
    type: 3}
  m_PrefabInstance: {fileID: 5806387575074693985}
  m_PrefabAsset: {fileID: 0}
--- !u!114 &6318631884470270812 stripped
MonoBehaviour:
  m_CorrespondingSourceObject: {fileID: 514576410084317245, guid: a17e8ce81a5a71c48911428dc079f16d,
    type: 3}
  m_PrefabInstance: {fileID: 5806387575074693985}
  m_PrefabAsset: {fileID: 0}
  m_GameObject: {fileID: 0}
  m_Enabled: 1
  m_EditorHideFlags: 0
  m_Script: {fileID: 11500000, guid: fe87c0e1cc204ed48ad3b37840f39efc, type: 3}
  m_Name: 
  m_EditorClassIdentifier: 
--- !u!1001 &6124317154830967901
PrefabInstance:
  m_ObjectHideFlags: 0
  serializedVersion: 2
  m_Modification:
    m_TransformParent: {fileID: 4241364670331908259}
    m_Modifications:
    - target: {fileID: 514576410084317245, guid: a17e8ce81a5a71c48911428dc079f16d,
        type: 3}
      propertyPath: m_Sprite
      value: 
      objectReference: {fileID: 21300000, guid: 0c73567d5371806448fb0a0150c12efb,
        type: 3}
    - target: {fileID: 3724988842095139812, guid: a17e8ce81a5a71c48911428dc079f16d,
        type: 3}
      propertyPath: unitUI
      value: 
      objectReference: {fileID: 0}
    - target: {fileID: 3724988842095139812, guid: a17e8ce81a5a71c48911428dc079f16d,
        type: 3}
      propertyPath: unitPanelUI
      value: 
      objectReference: {fileID: 1702147629065626739}
    - target: {fileID: 7331940425707411586, guid: a17e8ce81a5a71c48911428dc079f16d,
        type: 3}
      propertyPath: m_AnchorMax.y
      value: 0
      objectReference: {fileID: 0}
    - target: {fileID: 7331940425707411586, guid: a17e8ce81a5a71c48911428dc079f16d,
        type: 3}
      propertyPath: m_AnchorMin.y
      value: 0
      objectReference: {fileID: 0}
    - target: {fileID: 7331940425707411586, guid: a17e8ce81a5a71c48911428dc079f16d,
        type: 3}
      propertyPath: m_SizeDelta.x
      value: 0
      objectReference: {fileID: 0}
    - target: {fileID: 7331940425707411586, guid: a17e8ce81a5a71c48911428dc079f16d,
        type: 3}
      propertyPath: m_SizeDelta.y
      value: 0
      objectReference: {fileID: 0}
    - target: {fileID: 7331940425707411586, guid: a17e8ce81a5a71c48911428dc079f16d,
        type: 3}
      propertyPath: m_AnchoredPosition.x
      value: 0
      objectReference: {fileID: 0}
    - target: {fileID: 7331940425707411586, guid: a17e8ce81a5a71c48911428dc079f16d,
        type: 3}
      propertyPath: m_AnchoredPosition.y
      value: 0
      objectReference: {fileID: 0}
    - target: {fileID: 7561353286091318124, guid: a17e8ce81a5a71c48911428dc079f16d,
        type: 3}
      propertyPath: unitImage
      value: 
      objectReference: {fileID: 6042096245526821984}
    - target: {fileID: 7561353286091318124, guid: a17e8ce81a5a71c48911428dc079f16d,
        type: 3}
      propertyPath: unitPanelUI
      value: 
      objectReference: {fileID: 1702147629065626739}
    - target: {fileID: 7948654418565818479, guid: a17e8ce81a5a71c48911428dc079f16d,
        type: 3}
      propertyPath: m_Name
      value: SlimeFire
      objectReference: {fileID: 0}
    - target: {fileID: 8681287195325650331, guid: a17e8ce81a5a71c48911428dc079f16d,
        type: 3}
      propertyPath: m_Pivot.x
      value: 0.5
      objectReference: {fileID: 0}
    - target: {fileID: 8681287195325650331, guid: a17e8ce81a5a71c48911428dc079f16d,
        type: 3}
      propertyPath: m_Pivot.y
      value: 0.5
      objectReference: {fileID: 0}
    - target: {fileID: 8681287195325650331, guid: a17e8ce81a5a71c48911428dc079f16d,
        type: 3}
      propertyPath: m_RootOrder
      value: 6
      objectReference: {fileID: 0}
    - target: {fileID: 8681287195325650331, guid: a17e8ce81a5a71c48911428dc079f16d,
        type: 3}
      propertyPath: m_AnchorMax.x
      value: 0
      objectReference: {fileID: 0}
    - target: {fileID: 8681287195325650331, guid: a17e8ce81a5a71c48911428dc079f16d,
        type: 3}
      propertyPath: m_AnchorMax.y
      value: 0
      objectReference: {fileID: 0}
    - target: {fileID: 8681287195325650331, guid: a17e8ce81a5a71c48911428dc079f16d,
        type: 3}
      propertyPath: m_AnchorMin.x
      value: 0
      objectReference: {fileID: 0}
    - target: {fileID: 8681287195325650331, guid: a17e8ce81a5a71c48911428dc079f16d,
        type: 3}
      propertyPath: m_AnchorMin.y
      value: 0
      objectReference: {fileID: 0}
    - target: {fileID: 8681287195325650331, guid: a17e8ce81a5a71c48911428dc079f16d,
        type: 3}
      propertyPath: m_SizeDelta.x
      value: 0
      objectReference: {fileID: 0}
    - target: {fileID: 8681287195325650331, guid: a17e8ce81a5a71c48911428dc079f16d,
        type: 3}
      propertyPath: m_SizeDelta.y
      value: 0
      objectReference: {fileID: 0}
    - target: {fileID: 8681287195325650331, guid: a17e8ce81a5a71c48911428dc079f16d,
        type: 3}
      propertyPath: m_LocalPosition.x
      value: 0
      objectReference: {fileID: 0}
    - target: {fileID: 8681287195325650331, guid: a17e8ce81a5a71c48911428dc079f16d,
        type: 3}
      propertyPath: m_LocalPosition.y
      value: 0
      objectReference: {fileID: 0}
    - target: {fileID: 8681287195325650331, guid: a17e8ce81a5a71c48911428dc079f16d,
        type: 3}
      propertyPath: m_LocalPosition.z
      value: 0
      objectReference: {fileID: 0}
    - target: {fileID: 8681287195325650331, guid: a17e8ce81a5a71c48911428dc079f16d,
        type: 3}
      propertyPath: m_LocalRotation.w
      value: 1
      objectReference: {fileID: 0}
    - target: {fileID: 8681287195325650331, guid: a17e8ce81a5a71c48911428dc079f16d,
        type: 3}
      propertyPath: m_LocalRotation.x
      value: 0
      objectReference: {fileID: 0}
    - target: {fileID: 8681287195325650331, guid: a17e8ce81a5a71c48911428dc079f16d,
        type: 3}
      propertyPath: m_LocalRotation.y
      value: 0
      objectReference: {fileID: 0}
    - target: {fileID: 8681287195325650331, guid: a17e8ce81a5a71c48911428dc079f16d,
        type: 3}
      propertyPath: m_LocalRotation.z
      value: 0
      objectReference: {fileID: 0}
    - target: {fileID: 8681287195325650331, guid: a17e8ce81a5a71c48911428dc079f16d,
        type: 3}
      propertyPath: m_AnchoredPosition.x
      value: 0
      objectReference: {fileID: 0}
    - target: {fileID: 8681287195325650331, guid: a17e8ce81a5a71c48911428dc079f16d,
        type: 3}
      propertyPath: m_AnchoredPosition.y
      value: 0
      objectReference: {fileID: 0}
    - target: {fileID: 8681287195325650331, guid: a17e8ce81a5a71c48911428dc079f16d,
        type: 3}
      propertyPath: m_LocalEulerAnglesHint.x
      value: 0
      objectReference: {fileID: 0}
    - target: {fileID: 8681287195325650331, guid: a17e8ce81a5a71c48911428dc079f16d,
        type: 3}
      propertyPath: m_LocalEulerAnglesHint.y
      value: 0
      objectReference: {fileID: 0}
    - target: {fileID: 8681287195325650331, guid: a17e8ce81a5a71c48911428dc079f16d,
        type: 3}
      propertyPath: m_LocalEulerAnglesHint.z
      value: 0
      objectReference: {fileID: 0}
    m_RemovedComponents: []
  m_SourcePrefab: {fileID: 100100000, guid: a17e8ce81a5a71c48911428dc079f16d, type: 3}
--- !u!224 &3208764932058231238 stripped
RectTransform:
  m_CorrespondingSourceObject: {fileID: 8681287195325650331, guid: a17e8ce81a5a71c48911428dc079f16d,
    type: 3}
  m_PrefabInstance: {fileID: 6124317154830967901}
  m_PrefabAsset: {fileID: 0}
--- !u!114 &6042096245526821984 stripped
MonoBehaviour:
  m_CorrespondingSourceObject: {fileID: 514576410084317245, guid: a17e8ce81a5a71c48911428dc079f16d,
    type: 3}
  m_PrefabInstance: {fileID: 6124317154830967901}
  m_PrefabAsset: {fileID: 0}
  m_GameObject: {fileID: 0}
  m_Enabled: 1
  m_EditorHideFlags: 0
  m_Script: {fileID: 11500000, guid: fe87c0e1cc204ed48ad3b37840f39efc, type: 3}
  m_Name: 
  m_EditorClassIdentifier: 
