%YAML 1.1
%TAG !u! tag:unity3d.com,2011:
--- !u!1 &9024685454686284941
GameObject:
  m_ObjectHideFlags: 0
  m_CorrespondingSourceObject: {fileID: 0}
  m_PrefabInstance: {fileID: 0}
  m_PrefabAsset: {fileID: 0}
  serializedVersion: 6
  m_Component:
  - component: {fileID: 9024685454686284943}
  - component: {fileID: 3719731402072953599}
  - component: {fileID: 6616861952569232683}
  - component: {fileID: 1446365252167558957}
  - component: {fileID: 407272065803170591}
  m_Layer: 0
  m_Name: SlimeMother
  m_TagString: Slime
  m_Icon: {fileID: 0}
  m_NavMeshLayer: 0
  m_StaticEditorFlags: 0
  m_IsActive: 1
--- !u!4 &9024685454686284943
Transform:
  m_ObjectHideFlags: 0
  m_CorrespondingSourceObject: {fileID: 0}
  m_PrefabInstance: {fileID: 0}
  m_PrefabAsset: {fileID: 0}
  m_GameObject: {fileID: 9024685454686284941}
  m_LocalRotation: {x: 0, y: 0, z: 0, w: 1}
  m_LocalPosition: {x: 0, y: 0, z: 0}
  m_LocalScale: {x: 0.5, y: 0.5, z: 0.5}
  m_ConstrainProportionsScale: 0
  m_Children:
  - {fileID: 6243870961007649141}
  - {fileID: 1144950295710163769}
  m_Father: {fileID: 0}
  m_RootOrder: 0
  m_LocalEulerAnglesHint: {x: 0, y: 0, z: 0}
--- !u!114 &3719731402072953599
MonoBehaviour:
  m_ObjectHideFlags: 0
  m_CorrespondingSourceObject: {fileID: 0}
  m_PrefabInstance: {fileID: 0}
  m_PrefabAsset: {fileID: 0}
  m_GameObject: {fileID: 9024685454686284941}
  m_Enabled: 1
  m_EditorHideFlags: 0
  m_Script: {fileID: 11500000, guid: 78c4a259d63e9144bbcc38f4b1a7de9c, type: 3}
  m_Name: 
  m_EditorClassIdentifier: 
  healthBar: {fileID: 4324124868499589515}
  <SlimeData>k__BackingField: {fileID: 11400000, guid: d148663602e57df43a1f88f3a986461c,
    type: 2}
  <GFXPrefab>k__BackingField: {fileID: 6243870961007649143}
  <Material>k__BackingField: {fileID: 2100000, guid: ce9c2094d939cf0439a0c2c17d3dcc60,
    type: 2}
  childPrefab: {fileID: 9024685454686284941, guid: 8829da54b120a864d8658b205c753e41,
    type: 3}
  childSpawnDelay: 3
--- !u!114 &6616861952569232683
MonoBehaviour:
  m_ObjectHideFlags: 0
  m_CorrespondingSourceObject: {fileID: 0}
  m_PrefabInstance: {fileID: 0}
  m_PrefabAsset: {fileID: 0}
  m_GameObject: {fileID: 9024685454686284941}
  m_Enabled: 1
  m_EditorHideFlags: 0
  m_Script: {fileID: 11500000, guid: 33aabe1a2dec93349b06e6e5dc51bc06, type: 3}
  m_Name: 
  m_EditorClassIdentifier: 
  endOfPathInstruction: 2
  speed: 2
--- !u!135 &1446365252167558957
SphereCollider:
  m_ObjectHideFlags: 0
  m_CorrespondingSourceObject: {fileID: 0}
  m_PrefabInstance: {fileID: 0}
  m_PrefabAsset: {fileID: 0}
  m_GameObject: {fileID: 9024685454686284941}
  m_Material: {fileID: 0}
  m_IsTrigger: 0
  m_Enabled: 1
  serializedVersion: 2
  m_Radius: 0.74
  m_Center: {x: 0, y: 0, z: 0}
--- !u!54 &407272065803170591
Rigidbody:
  m_ObjectHideFlags: 0
  m_CorrespondingSourceObject: {fileID: 0}
  m_PrefabInstance: {fileID: 0}
  m_PrefabAsset: {fileID: 0}
  m_GameObject: {fileID: 9024685454686284941}
  serializedVersion: 2
  m_Mass: 1
  m_Drag: 0
  m_AngularDrag: 0.05
  m_UseGravity: 0
  m_IsKinematic: 1
  m_Interpolate: 0
  m_Constraints: 0
  m_CollisionDetection: 0
--- !u!1001 &2618382634800539016
PrefabInstance:
  m_ObjectHideFlags: 0
  serializedVersion: 2
  m_Modification:
    m_TransformParent: {fileID: 9024685454686284943}
    m_Modifications:
    - target: {fileID: 8282386537688761597, guid: d944675803d9daf4186daa9b7c919ed7,
        type: 3}
      propertyPath: m_RootOrder
      value: 0
      objectReference: {fileID: 0}
    - target: {fileID: 8282386537688761597, guid: d944675803d9daf4186daa9b7c919ed7,
        type: 3}
      propertyPath: m_LocalPosition.x
      value: 0
      objectReference: {fileID: 0}
    - target: {fileID: 8282386537688761597, guid: d944675803d9daf4186daa9b7c919ed7,
        type: 3}
      propertyPath: m_LocalPosition.y
      value: 0.21
      objectReference: {fileID: 0}
    - target: {fileID: 8282386537688761597, guid: d944675803d9daf4186daa9b7c919ed7,
        type: 3}
      propertyPath: m_LocalPosition.z
      value: -0.199
      objectReference: {fileID: 0}
    - target: {fileID: 8282386537688761597, guid: d944675803d9daf4186daa9b7c919ed7,
        type: 3}
      propertyPath: m_LocalRotation.w
      value: 1
      objectReference: {fileID: 0}
    - target: {fileID: 8282386537688761597, guid: d944675803d9daf4186daa9b7c919ed7,
        type: 3}
      propertyPath: m_LocalRotation.x
      value: 0
      objectReference: {fileID: 0}
    - target: {fileID: 8282386537688761597, guid: d944675803d9daf4186daa9b7c919ed7,
        type: 3}
      propertyPath: m_LocalRotation.y
      value: 0
      objectReference: {fileID: 0}
    - target: {fileID: 8282386537688761597, guid: d944675803d9daf4186daa9b7c919ed7,
        type: 3}
      propertyPath: m_LocalRotation.z
      value: 0
      objectReference: {fileID: 0}
    - target: {fileID: 8282386537688761597, guid: d944675803d9daf4186daa9b7c919ed7,
        type: 3}
      propertyPath: m_LocalEulerAnglesHint.x
      value: 0
      objectReference: {fileID: 0}
    - target: {fileID: 8282386537688761597, guid: d944675803d9daf4186daa9b7c919ed7,
        type: 3}
      propertyPath: m_LocalEulerAnglesHint.y
      value: 0
      objectReference: {fileID: 0}
    - target: {fileID: 8282386537688761597, guid: d944675803d9daf4186daa9b7c919ed7,
        type: 3}
      propertyPath: m_LocalEulerAnglesHint.z
      value: 0
      objectReference: {fileID: 0}
    - target: {fileID: 8282386537688761599, guid: d944675803d9daf4186daa9b7c919ed7,
        type: 3}
      propertyPath: m_Name
      value: SlimeMotherGFXPrefab
      objectReference: {fileID: 0}
    m_RemovedComponents: []
  m_SourcePrefab: {fileID: 100100000, guid: d944675803d9daf4186daa9b7c919ed7, type: 3}
--- !u!4 &6243870961007649141 stripped
Transform:
  m_CorrespondingSourceObject: {fileID: 8282386537688761597, guid: d944675803d9daf4186daa9b7c919ed7,
    type: 3}
  m_PrefabInstance: {fileID: 2618382634800539016}
  m_PrefabAsset: {fileID: 0}
--- !u!1 &6243870961007649143 stripped
GameObject:
  m_CorrespondingSourceObject: {fileID: 8282386537688761599, guid: d944675803d9daf4186daa9b7c919ed7,
    type: 3}
  m_PrefabInstance: {fileID: 2618382634800539016}
  m_PrefabAsset: {fileID: 0}
--- !u!1001 &4840232938625501151
PrefabInstance:
  m_ObjectHideFlags: 0
  serializedVersion: 2
  m_Modification:
    m_TransformParent: {fileID: 9024685454686284943}
    m_Modifications:
    - target: {fileID: 2293703147253517845, guid: 9e0b4f90381acc440a61c80f90f67d5f,
        type: 3}
      propertyPath: m_Name
      value: HealthBarCanvas
      objectReference: {fileID: 0}
    - target: {fileID: 2369529888880739505, guid: 9e0b4f90381acc440a61c80f90f67d5f,
        type: 3}
      propertyPath: m_AnchorMax.x
      value: 0
      objectReference: {fileID: 0}
    - target: {fileID: 2369529888880739505, guid: 9e0b4f90381acc440a61c80f90f67d5f,
        type: 3}
      propertyPath: m_AnchorMax.y
      value: 0
      objectReference: {fileID: 0}
    - target: {fileID: 5532768954103325926, guid: 9e0b4f90381acc440a61c80f90f67d5f,
        type: 3}
      propertyPath: m_Pivot.x
      value: 0.5
      objectReference: {fileID: 0}
    - target: {fileID: 5532768954103325926, guid: 9e0b4f90381acc440a61c80f90f67d5f,
        type: 3}
      propertyPath: m_Pivot.y
      value: 0.5
      objectReference: {fileID: 0}
    - target: {fileID: 5532768954103325926, guid: 9e0b4f90381acc440a61c80f90f67d5f,
        type: 3}
      propertyPath: m_RootOrder
      value: 1
      objectReference: {fileID: 0}
    - target: {fileID: 5532768954103325926, guid: 9e0b4f90381acc440a61c80f90f67d5f,
        type: 3}
      propertyPath: m_AnchorMax.x
      value: 0
      objectReference: {fileID: 0}
    - target: {fileID: 5532768954103325926, guid: 9e0b4f90381acc440a61c80f90f67d5f,
        type: 3}
      propertyPath: m_AnchorMax.y
      value: 0
      objectReference: {fileID: 0}
    - target: {fileID: 5532768954103325926, guid: 9e0b4f90381acc440a61c80f90f67d5f,
        type: 3}
      propertyPath: m_AnchorMin.x
      value: 0
      objectReference: {fileID: 0}
    - target: {fileID: 5532768954103325926, guid: 9e0b4f90381acc440a61c80f90f67d5f,
        type: 3}
      propertyPath: m_AnchorMin.y
      value: 0
      objectReference: {fileID: 0}
    - target: {fileID: 5532768954103325926, guid: 9e0b4f90381acc440a61c80f90f67d5f,
        type: 3}
      propertyPath: m_SizeDelta.x
      value: 1920
      objectReference: {fileID: 0}
    - target: {fileID: 5532768954103325926, guid: 9e0b4f90381acc440a61c80f90f67d5f,
        type: 3}
      propertyPath: m_SizeDelta.y
      value: 1080
      objectReference: {fileID: 0}
    - target: {fileID: 5532768954103325926, guid: 9e0b4f90381acc440a61c80f90f67d5f,
        type: 3}
      propertyPath: m_LocalPosition.x
      value: 0
      objectReference: {fileID: 0}
    - target: {fileID: 5532768954103325926, guid: 9e0b4f90381acc440a61c80f90f67d5f,
        type: 3}
      propertyPath: m_LocalPosition.y
      value: 0
      objectReference: {fileID: 0}
    - target: {fileID: 5532768954103325926, guid: 9e0b4f90381acc440a61c80f90f67d5f,
        type: 3}
      propertyPath: m_LocalPosition.z
      value: -0.196
      objectReference: {fileID: 0}
    - target: {fileID: 5532768954103325926, guid: 9e0b4f90381acc440a61c80f90f67d5f,
        type: 3}
      propertyPath: m_LocalRotation.w
      value: 0.7071068
      objectReference: {fileID: 0}
    - target: {fileID: 5532768954103325926, guid: 9e0b4f90381acc440a61c80f90f67d5f,
        type: 3}
      propertyPath: m_LocalRotation.x
      value: 0
      objectReference: {fileID: 0}
    - target: {fileID: 5532768954103325926, guid: 9e0b4f90381acc440a61c80f90f67d5f,
        type: 3}
      propertyPath: m_LocalRotation.y
      value: 0.7071068
      objectReference: {fileID: 0}
    - target: {fileID: 5532768954103325926, guid: 9e0b4f90381acc440a61c80f90f67d5f,
        type: 3}
      propertyPath: m_LocalRotation.z
      value: 0
      objectReference: {fileID: 0}
    - target: {fileID: 5532768954103325926, guid: 9e0b4f90381acc440a61c80f90f67d5f,
        type: 3}
      propertyPath: m_AnchoredPosition.x
      value: -0
      objectReference: {fileID: 0}
    - target: {fileID: 5532768954103325926, guid: 9e0b4f90381acc440a61c80f90f67d5f,
        type: 3}
      propertyPath: m_AnchoredPosition.y
      value: 1.445
      objectReference: {fileID: 0}
    - target: {fileID: 5532768954103325926, guid: 9e0b4f90381acc440a61c80f90f67d5f,
        type: 3}
      propertyPath: m_LocalEulerAnglesHint.x
      value: 0
      objectReference: {fileID: 0}
    - target: {fileID: 5532768954103325926, guid: 9e0b4f90381acc440a61c80f90f67d5f,
        type: 3}
      propertyPath: m_LocalEulerAnglesHint.y
      value: 90
      objectReference: {fileID: 0}
    - target: {fileID: 5532768954103325926, guid: 9e0b4f90381acc440a61c80f90f67d5f,
        type: 3}
      propertyPath: m_LocalEulerAnglesHint.z
      value: 0
      objectReference: {fileID: 0}
    - target: {fileID: 9163020525829803604, guid: 9e0b4f90381acc440a61c80f90f67d5f,
        type: 3}
      propertyPath: unit
      value: 
      objectReference: {fileID: 9024685454686284943}
    m_RemovedComponents: []
  m_SourcePrefab: {fileID: 100100000, guid: 9e0b4f90381acc440a61c80f90f67d5f, type: 3}
--- !u!224 &1144950295710163769 stripped
RectTransform:
  m_CorrespondingSourceObject: {fileID: 5532768954103325926, guid: 9e0b4f90381acc440a61c80f90f67d5f,
    type: 3}
  m_PrefabInstance: {fileID: 4840232938625501151}
  m_PrefabAsset: {fileID: 0}
--- !u!114 &4324124868499589515 stripped
MonoBehaviour:
  m_CorrespondingSourceObject: {fileID: 9163020525829803604, guid: 9e0b4f90381acc440a61c80f90f67d5f,
    type: 3}
  m_PrefabInstance: {fileID: 4840232938625501151}
  m_PrefabAsset: {fileID: 0}
  m_GameObject: {fileID: 0}
  m_Enabled: 1
  m_EditorHideFlags: 0
  m_Script: {fileID: 11500000, guid: 24953a25c00e4704780c251d2fea6fdc, type: 3}
  m_Name: 
  m_EditorClassIdentifier: 
