%YAML 1.1
%TAG !u! tag:unity3d.com,2011:
--- !u!1 &1434401885907235476
GameObject:
  m_ObjectHideFlags: 0
  m_CorrespondingSourceObject: {fileID: 0}
  m_PrefabInstance: {fileID: 0}
  m_PrefabAsset: {fileID: 0}
  serializedVersion: 6
  m_Component:
  - component: {fileID: 1434401885907235466}
  - component: {fileID: 1434401885907235477}
  - component: {fileID: 1319076967551089285}
  - component: {fileID: -4789649235048657143}
  m_Layer: 0
  m_Name: WaterTower
  m_TagString: Tower
  m_Icon: {fileID: 0}
  m_NavMeshLayer: 0
  m_StaticEditorFlags: 0
  m_IsActive: 1
--- !u!4 &1434401885907235466
Transform:
  m_ObjectHideFlags: 0
  m_CorrespondingSourceObject: {fileID: 0}
  m_PrefabInstance: {fileID: 0}
  m_PrefabAsset: {fileID: 0}
  m_GameObject: {fileID: 1434401885907235476}
  m_LocalRotation: {x: 0, y: 0, z: 0, w: 1}
  m_LocalPosition: {x: 0, y: 0, z: 0}
  m_LocalScale: {x: 1, y: 1, z: 1}
  m_ConstrainProportionsScale: 0
  m_Children:
  - {fileID: 8444125976137017188}
  - {fileID: 7525180670751523784}
  - {fileID: 2913751171593139824}
  - {fileID: 8991898475732635951}
  m_Father: {fileID: 0}
  m_RootOrder: 0
  m_LocalEulerAnglesHint: {x: 0, y: 0, z: 0}
--- !u!114 &1434401885907235477
MonoBehaviour:
  m_ObjectHideFlags: 0
  m_CorrespondingSourceObject: {fileID: 0}
  m_PrefabInstance: {fileID: 0}
  m_PrefabAsset: {fileID: 0}
  m_GameObject: {fileID: 1434401885907235476}
  m_Enabled: 1
  m_EditorHideFlags: 0
  m_Script: {fileID: 11500000, guid: cfdbdc5d62ac7854f99ee04159428d47, type: 3}
  m_Name: 
  m_EditorClassIdentifier: 
  healthBar: {fileID: 1985656232374852802}
  <ProjectilePrefab>k__BackingField: {fileID: 854450165834118554, guid: 9fa3b85bf7f75884b8a5a58556c62746,
    type: 3}
  <ProjectileSpawnTransform>k__BackingField: {fileID: 7525180670751523784}
  towerData: {fileID: 11400000, guid: 072985d8384cad042b5898782eca107b, type: 2}
  explosionForce: 4
  animator: {fileID: 7491762348085027719}
  towerTopGFX: {fileID: 9218174653608530169}
  rotationSpeed: 2
--- !u!135 &1319076967551089285
SphereCollider:
  m_ObjectHideFlags: 0
  m_CorrespondingSourceObject: {fileID: 0}
  m_PrefabInstance: {fileID: 0}
  m_PrefabAsset: {fileID: 0}
  m_GameObject: {fileID: 1434401885907235476}
  m_Material: {fileID: 0}
  m_IsTrigger: 0
  m_Enabled: 1
  serializedVersion: 2
  m_Radius: 0.41
  m_Center: {x: 0, y: 0.27, z: 0}
--- !u!54 &-4789649235048657143
Rigidbody:
  m_ObjectHideFlags: 0
  m_CorrespondingSourceObject: {fileID: 0}
  m_PrefabInstance: {fileID: 0}
  m_PrefabAsset: {fileID: 0}
  m_GameObject: {fileID: 1434401885907235476}
  serializedVersion: 2
  m_Mass: 1
  m_Drag: 0
  m_AngularDrag: 0.05
  m_UseGravity: 1
  m_IsKinematic: 1
  m_Interpolate: 0
  m_Constraints: 0
  m_CollisionDetection: 0
--- !u!1 &1738823999210845157
GameObject:
  m_ObjectHideFlags: 0
  m_CorrespondingSourceObject: {fileID: 0}
  m_PrefabInstance: {fileID: 0}
  m_PrefabAsset: {fileID: 0}
  serializedVersion: 6
  m_Component:
  - component: {fileID: 8444125976137017188}
  m_Layer: 0
  m_Name: Projectiles
  m_TagString: Untagged
  m_Icon: {fileID: 0}
  m_NavMeshLayer: 0
  m_StaticEditorFlags: 0
  m_IsActive: 1
--- !u!4 &8444125976137017188
Transform:
  m_ObjectHideFlags: 0
  m_CorrespondingSourceObject: {fileID: 0}
  m_PrefabInstance: {fileID: 0}
  m_PrefabAsset: {fileID: 0}
  m_GameObject: {fileID: 1738823999210845157}
  m_LocalRotation: {x: 0, y: 0, z: 0, w: 1}
  m_LocalPosition: {x: 0, y: 0, z: 0}
  m_LocalScale: {x: 1, y: 1, z: 1}
  m_ConstrainProportionsScale: 0
  m_Children: []
  m_Father: {fileID: 1434401885907235466}
  m_RootOrder: 0
  m_LocalEulerAnglesHint: {x: 0, y: 0, z: 0}
--- !u!1 &8405998017877290194
GameObject:
  m_ObjectHideFlags: 0
  m_CorrespondingSourceObject: {fileID: 0}
  m_PrefabInstance: {fileID: 0}
  m_PrefabAsset: {fileID: 0}
  serializedVersion: 6
  m_Component:
  - component: {fileID: 7525180670751523784}
  m_Layer: 0
  m_Name: Spawnpoint
  m_TagString: Untagged
  m_Icon: {fileID: 0}
  m_NavMeshLayer: 0
  m_StaticEditorFlags: 0
  m_IsActive: 1
--- !u!4 &7525180670751523784
Transform:
  m_ObjectHideFlags: 0
  m_CorrespondingSourceObject: {fileID: 0}
  m_PrefabInstance: {fileID: 0}
  m_PrefabAsset: {fileID: 0}
  m_GameObject: {fileID: 8405998017877290194}
  m_LocalRotation: {x: 0, y: 0, z: 0, w: 1}
  m_LocalPosition: {x: -0.578, y: 0.641, z: 0}
  m_LocalScale: {x: 1, y: 1, z: 1}
  m_ConstrainProportionsScale: 0
  m_Children: []
  m_Father: {fileID: 1434401885907235466}
  m_RootOrder: 1
  m_LocalEulerAnglesHint: {x: 0, y: 0, z: 0}
--- !u!1001 &598909019072069299
PrefabInstance:
  m_ObjectHideFlags: 0
  serializedVersion: 2
  m_Modification:
    m_TransformParent: {fileID: 1434401885907235466}
    m_Modifications:
    - target: {fileID: 8396509131912703900, guid: 327a17226052def448872123e62a166d,
        type: 3}
      propertyPath: m_RootOrder
      value: 3
      objectReference: {fileID: 0}
    - target: {fileID: 8396509131912703900, guid: 327a17226052def448872123e62a166d,
        type: 3}
      propertyPath: m_LocalPosition.x
      value: 0
      objectReference: {fileID: 0}
    - target: {fileID: 8396509131912703900, guid: 327a17226052def448872123e62a166d,
        type: 3}
      propertyPath: m_LocalPosition.y
      value: 0
      objectReference: {fileID: 0}
    - target: {fileID: 8396509131912703900, guid: 327a17226052def448872123e62a166d,
        type: 3}
      propertyPath: m_LocalPosition.z
      value: 0
      objectReference: {fileID: 0}
    - target: {fileID: 8396509131912703900, guid: 327a17226052def448872123e62a166d,
        type: 3}
      propertyPath: m_LocalRotation.w
      value: 1
      objectReference: {fileID: 0}
    - target: {fileID: 8396509131912703900, guid: 327a17226052def448872123e62a166d,
        type: 3}
      propertyPath: m_LocalRotation.x
      value: 0
      objectReference: {fileID: 0}
    - target: {fileID: 8396509131912703900, guid: 327a17226052def448872123e62a166d,
        type: 3}
      propertyPath: m_LocalRotation.y
      value: 0
      objectReference: {fileID: 0}
    - target: {fileID: 8396509131912703900, guid: 327a17226052def448872123e62a166d,
        type: 3}
      propertyPath: m_LocalRotation.z
      value: 0
      objectReference: {fileID: 0}
    - target: {fileID: 8396509131912703900, guid: 327a17226052def448872123e62a166d,
        type: 3}
      propertyPath: m_LocalEulerAnglesHint.x
      value: 0
      objectReference: {fileID: 0}
    - target: {fileID: 8396509131912703900, guid: 327a17226052def448872123e62a166d,
        type: 3}
      propertyPath: m_LocalEulerAnglesHint.y
      value: 0
      objectReference: {fileID: 0}
    - target: {fileID: 8396509131912703900, guid: 327a17226052def448872123e62a166d,
        type: 3}
      propertyPath: m_LocalEulerAnglesHint.z
      value: 0
      objectReference: {fileID: 0}
    - target: {fileID: 9209214988106511654, guid: 327a17226052def448872123e62a166d,
        type: 3}
      propertyPath: m_Name
      value: Turret_Water_GFX
      objectReference: {fileID: 0}
    m_RemovedComponents: []
  m_SourcePrefab: {fileID: 100100000, guid: 327a17226052def448872123e62a166d, type: 3}
--- !u!1 &297421344622690188 stripped
GameObject:
  m_CorrespondingSourceObject: {fileID: 896048888632033599, guid: 327a17226052def448872123e62a166d,
    type: 3}
  m_PrefabInstance: {fileID: 598909019072069299}
  m_PrefabAsset: {fileID: 0}
--- !u!95 &7491762348085027719
Animator:
  serializedVersion: 5
  m_ObjectHideFlags: 0
  m_CorrespondingSourceObject: {fileID: 0}
  m_PrefabInstance: {fileID: 0}
  m_PrefabAsset: {fileID: 0}
  m_GameObject: {fileID: 297421344622690188}
  m_Enabled: 1
  m_Avatar: {fileID: 0}
  m_Controller: {fileID: 9100000, guid: 61731b3634d84d24182301b8bf445608, type: 2}
  m_CullingMode: 0
  m_UpdateMode: 0
  m_ApplyRootMotion: 0
  m_LinearVelocityBlending: 0
  m_StabilizeFeet: 0
  m_WarningMessage: 
  m_HasTransformHierarchy: 1
  m_AllowConstantClipSamplingOptimization: 1
  m_KeepAnimatorStateOnDisable: 0
--- !u!4 &8991898475732635951 stripped
Transform:
  m_CorrespondingSourceObject: {fileID: 8396509131912703900, guid: 327a17226052def448872123e62a166d,
    type: 3}
  m_PrefabInstance: {fileID: 598909019072069299}
  m_PrefabAsset: {fileID: 0}
--- !u!1 &9218174653608530169 stripped
GameObject:
  m_CorrespondingSourceObject: {fileID: 8620533543443492426, guid: 327a17226052def448872123e62a166d,
    type: 3}
  m_PrefabInstance: {fileID: 598909019072069299}
  m_PrefabAsset: {fileID: 0}
--- !u!1001 &7253013443568767638
PrefabInstance:
  m_ObjectHideFlags: 0
  serializedVersion: 2
  m_Modification:
    m_TransformParent: {fileID: 1434401885907235466}
    m_Modifications:
    - target: {fileID: 2293703147253517845, guid: 9e0b4f90381acc440a61c80f90f67d5f,
        type: 3}
      propertyPath: m_Name
      value: HealthBarCanvas
      objectReference: {fileID: 0}
    - target: {fileID: 2369529888880739505, guid: 9e0b4f90381acc440a61c80f90f67d5f,
        type: 3}
      propertyPath: m_AnchorMax.x
      value: 0
      objectReference: {fileID: 0}
    - target: {fileID: 2369529888880739505, guid: 9e0b4f90381acc440a61c80f90f67d5f,
        type: 3}
      propertyPath: m_AnchorMax.y
      value: 0
      objectReference: {fileID: 0}
    - target: {fileID: 5532768954103325926, guid: 9e0b4f90381acc440a61c80f90f67d5f,
        type: 3}
      propertyPath: m_Pivot.x
      value: 0.5
      objectReference: {fileID: 0}
    - target: {fileID: 5532768954103325926, guid: 9e0b4f90381acc440a61c80f90f67d5f,
        type: 3}
      propertyPath: m_Pivot.y
      value: 0.5
      objectReference: {fileID: 0}
    - target: {fileID: 5532768954103325926, guid: 9e0b4f90381acc440a61c80f90f67d5f,
        type: 3}
      propertyPath: m_RootOrder
      value: 2
      objectReference: {fileID: 0}
    - target: {fileID: 5532768954103325926, guid: 9e0b4f90381acc440a61c80f90f67d5f,
        type: 3}
      propertyPath: m_AnchorMax.x
      value: 0
      objectReference: {fileID: 0}
    - target: {fileID: 5532768954103325926, guid: 9e0b4f90381acc440a61c80f90f67d5f,
        type: 3}
      propertyPath: m_AnchorMax.y
      value: 0
      objectReference: {fileID: 0}
    - target: {fileID: 5532768954103325926, guid: 9e0b4f90381acc440a61c80f90f67d5f,
        type: 3}
      propertyPath: m_AnchorMin.x
      value: 0
      objectReference: {fileID: 0}
    - target: {fileID: 5532768954103325926, guid: 9e0b4f90381acc440a61c80f90f67d5f,
        type: 3}
      propertyPath: m_AnchorMin.y
      value: 0
      objectReference: {fileID: 0}
    - target: {fileID: 5532768954103325926, guid: 9e0b4f90381acc440a61c80f90f67d5f,
        type: 3}
      propertyPath: m_SizeDelta.x
      value: 1920
      objectReference: {fileID: 0}
    - target: {fileID: 5532768954103325926, guid: 9e0b4f90381acc440a61c80f90f67d5f,
        type: 3}
      propertyPath: m_SizeDelta.y
      value: 1080
      objectReference: {fileID: 0}
    - target: {fileID: 5532768954103325926, guid: 9e0b4f90381acc440a61c80f90f67d5f,
        type: 3}
      propertyPath: m_LocalPosition.x
      value: 0
      objectReference: {fileID: 0}
    - target: {fileID: 5532768954103325926, guid: 9e0b4f90381acc440a61c80f90f67d5f,
        type: 3}
      propertyPath: m_LocalPosition.y
      value: 0
      objectReference: {fileID: 0}
    - target: {fileID: 5532768954103325926, guid: 9e0b4f90381acc440a61c80f90f67d5f,
        type: 3}
      propertyPath: m_LocalPosition.z
      value: -0.196
      objectReference: {fileID: 0}
    - target: {fileID: 5532768954103325926, guid: 9e0b4f90381acc440a61c80f90f67d5f,
        type: 3}
      propertyPath: m_LocalRotation.w
      value: 0.7071068
      objectReference: {fileID: 0}
    - target: {fileID: 5532768954103325926, guid: 9e0b4f90381acc440a61c80f90f67d5f,
        type: 3}
      propertyPath: m_LocalRotation.x
      value: 0
      objectReference: {fileID: 0}
    - target: {fileID: 5532768954103325926, guid: 9e0b4f90381acc440a61c80f90f67d5f,
        type: 3}
      propertyPath: m_LocalRotation.y
      value: 0.7071068
      objectReference: {fileID: 0}
    - target: {fileID: 5532768954103325926, guid: 9e0b4f90381acc440a61c80f90f67d5f,
        type: 3}
      propertyPath: m_LocalRotation.z
      value: 0
      objectReference: {fileID: 0}
    - target: {fileID: 5532768954103325926, guid: 9e0b4f90381acc440a61c80f90f67d5f,
        type: 3}
      propertyPath: m_AnchoredPosition.x
      value: -0
      objectReference: {fileID: 0}
    - target: {fileID: 5532768954103325926, guid: 9e0b4f90381acc440a61c80f90f67d5f,
        type: 3}
      propertyPath: m_AnchoredPosition.y
      value: 1.8
      objectReference: {fileID: 0}
    - target: {fileID: 5532768954103325926, guid: 9e0b4f90381acc440a61c80f90f67d5f,
        type: 3}
      propertyPath: m_LocalEulerAnglesHint.x
      value: 0
      objectReference: {fileID: 0}
    - target: {fileID: 5532768954103325926, guid: 9e0b4f90381acc440a61c80f90f67d5f,
        type: 3}
      propertyPath: m_LocalEulerAnglesHint.y
      value: 90
      objectReference: {fileID: 0}
    - target: {fileID: 5532768954103325926, guid: 9e0b4f90381acc440a61c80f90f67d5f,
        type: 3}
      propertyPath: m_LocalEulerAnglesHint.z
      value: 0
      objectReference: {fileID: 0}
    - target: {fileID: 9163020525829803604, guid: 9e0b4f90381acc440a61c80f90f67d5f,
        type: 3}
      propertyPath: unit
      value: 
      objectReference: {fileID: 1434401885907235466}
    m_RemovedComponents: []
  m_SourcePrefab: {fileID: 100100000, guid: 9e0b4f90381acc440a61c80f90f67d5f, type: 3}
--- !u!114 &1985656232374852802 stripped
MonoBehaviour:
  m_CorrespondingSourceObject: {fileID: 9163020525829803604, guid: 9e0b4f90381acc440a61c80f90f67d5f,
    type: 3}
  m_PrefabInstance: {fileID: 7253013443568767638}
  m_PrefabAsset: {fileID: 0}
  m_GameObject: {fileID: 0}
  m_Enabled: 1
  m_EditorHideFlags: 0
  m_Script: {fileID: 11500000, guid: 24953a25c00e4704780c251d2fea6fdc, type: 3}
  m_Name: 
  m_EditorClassIdentifier: 
--- !u!224 &2913751171593139824 stripped
RectTransform:
  m_CorrespondingSourceObject: {fileID: 5532768954103325926, guid: 9e0b4f90381acc440a61c80f90f67d5f,
    type: 3}
  m_PrefabInstance: {fileID: 7253013443568767638}
  m_PrefabAsset: {fileID: 0}
