%YAML 1.1
%TAG !u! tag:unity3d.com,2011:
--- !u!1 &76220243226035369
GameObject:
  m_ObjectHideFlags: 0
  m_CorrespondingSourceObject: {fileID: 0}
  m_PrefabInstance: {fileID: 0}
  m_PrefabAsset: {fileID: 0}
  serializedVersion: 6
  m_Component:
  - component: {fileID: 6861770542795564484}
  m_Layer: 0
  m_Name: Rear_Coil_L
  m_TagString: Untagged
  m_Icon: {fileID: 0}
  m_NavMeshLayer: 0
  m_StaticEditorFlags: 0
  m_IsActive: 1
--- !u!4 &6861770542795564484
Transform:
  m_ObjectHideFlags: 0
  m_CorrespondingSourceObject: {fileID: 0}
  m_PrefabInstance: {fileID: 0}
  m_PrefabAsset: {fileID: 0}
  m_GameObject: {fileID: 76220243226035369}
  m_LocalRotation: {x: -0.7071067, y: 0.70710677, z: 0.0002333832, w: -0.00023337347}
  m_LocalPosition: {x: -0.0009624902, y: 0.0008940434, z: 0.000621862}
  m_LocalScale: {x: 1, y: 1.0000002, z: 1}
  m_ConstrainProportionsScale: 0
  m_Children: []
  m_Father: {fileID: 5867089672166505587}
  m_RootOrder: 8
  m_LocalEulerAnglesHint: {x: 0, y: 0, z: 0}
--- !u!1 &231644929978901038
GameObject:
  m_ObjectHideFlags: 0
  m_CorrespondingSourceObject: {fileID: 0}
  m_PrefabInstance: {fileID: 0}
  m_PrefabAsset: {fileID: 0}
  serializedVersion: 6
  m_Component:
  - component: {fileID: 5002167082291176710}
  m_Layer: 0
  m_Name: Pump
  m_TagString: Untagged
  m_Icon: {fileID: 0}
  m_NavMeshLayer: 0
  m_StaticEditorFlags: 0
  m_IsActive: 1
--- !u!4 &5002167082291176710
Transform:
  m_ObjectHideFlags: 0
  m_CorrespondingSourceObject: {fileID: 0}
  m_PrefabInstance: {fileID: 0}
  m_PrefabAsset: {fileID: 0}
  m_GameObject: {fileID: 231644929978901038}
  m_LocalRotation: {x: 0.50016505, y: -0.500165, z: 0.4998349, w: -0.499835}
  m_LocalPosition: {x: -0.0016068679, y: 0.0004905125, z: 0.0004538219}
  m_LocalScale: {x: 1.041245, y: 0.95612514, z: 1.041245}
  m_ConstrainProportionsScale: 0
  m_Children: []
  m_Father: {fileID: 5867089672166505587}
  m_RootOrder: 7
  m_LocalEulerAnglesHint: {x: 0, y: 0, z: 0}
--- !u!1 &726852254140343726
GameObject:
  m_ObjectHideFlags: 0
  m_CorrespondingSourceObject: {fileID: 0}
  m_PrefabInstance: {fileID: 0}
  m_PrefabAsset: {fileID: 0}
  serializedVersion: 6
  m_Component:
  - component: {fileID: 7712408508803628240}
  m_Layer: 0
  m_Name: Ammo_2
  m_TagString: Untagged
  m_Icon: {fileID: 0}
  m_NavMeshLayer: 0
  m_StaticEditorFlags: 0
  m_IsActive: 1
--- !u!4 &7712408508803628240
Transform:
  m_ObjectHideFlags: 0
  m_CorrespondingSourceObject: {fileID: 0}
  m_PrefabInstance: {fileID: 0}
  m_PrefabAsset: {fileID: 0}
  m_GameObject: {fileID: 726852254140343726}
  m_LocalRotation: {x: 3.7208684e-15, y: 0.7073402, z: -1.3034274e-15, w: 0.7068733}
  m_LocalPosition: {x: -0.0003882927, y: 0.0033158397, z: -0.0003944511}
  m_LocalScale: {x: 1, y: 0.99999994, z: 1}
  m_ConstrainProportionsScale: 0
  m_Children: []
  m_Father: {fileID: 5867089672166505587}
  m_RootOrder: 1
  m_LocalEulerAnglesHint: {x: 0, y: 0, z: 0}
--- !u!1 &896048888632033599
GameObject:
  m_ObjectHideFlags: 0
  m_CorrespondingSourceObject: {fileID: 0}
  m_PrefabInstance: {fileID: 0}
  m_PrefabAsset: {fileID: 0}
  serializedVersion: 6
  m_Component:
  - component: {fileID: 514737587894328197}
  m_Layer: 0
  m_Name: Water
  m_TagString: Untagged
  m_Icon: {fileID: 0}
  m_NavMeshLayer: 0
  m_StaticEditorFlags: 0
  m_IsActive: 1
--- !u!4 &514737587894328197
Transform:
  m_ObjectHideFlags: 0
  m_CorrespondingSourceObject: {fileID: 0}
  m_PrefabInstance: {fileID: 0}
  m_PrefabAsset: {fileID: 0}
  m_GameObject: {fileID: 896048888632033599}
  m_LocalRotation: {x: -0.5, y: 0.5, z: 0.5, w: 0.5}
  m_LocalPosition: {x: 0, y: 0, z: 0}
  m_LocalScale: {x: 1, y: 1, z: 1}
  m_ConstrainProportionsScale: 0
  m_Children:
  - {fileID: 4411818167643770829}
  - {fileID: 5646124149056946863}
  m_Father: {fileID: 2439824727226672530}
  m_RootOrder: 0
  m_LocalEulerAnglesHint: {x: -90, y: 90, z: 0}
--- !u!1 &946276867557738272
GameObject:
  m_ObjectHideFlags: 0
  m_CorrespondingSourceObject: {fileID: 0}
  m_PrefabInstance: {fileID: 0}
  m_PrefabAsset: {fileID: 0}
  serializedVersion: 6
  m_Component:
  - component: {fileID: 8355914908740136844}
  m_Layer: 0
  m_Name: Gun_R_1
  m_TagString: Untagged
  m_Icon: {fileID: 0}
  m_NavMeshLayer: 0
  m_StaticEditorFlags: 0
  m_IsActive: 1
--- !u!4 &8355914908740136844
Transform:
  m_ObjectHideFlags: 0
  m_CorrespondingSourceObject: {fileID: 0}
  m_PrefabInstance: {fileID: 0}
  m_PrefabAsset: {fileID: 0}
  m_GameObject: {fileID: 946276867557738272}
  m_LocalRotation: {x: 0.000000015982906, y: 0.70734, z: 0.000000005086053, w: 0.7068735}
  m_LocalPosition: {x: 0.0007826992, y: 0.004383244, z: -0.0000005172035}
  m_LocalScale: {x: 1.014815, y: 0.99999994, z: 1.014815}
  m_ConstrainProportionsScale: 0
  m_Children:
  - {fileID: 124252517049976294}
  m_Father: {fileID: 2508159140083894378}
  m_RootOrder: 6
  m_LocalEulerAnglesHint: {x: 0, y: 0, z: 0}
--- !u!1 &969101045217400472
GameObject:
  m_ObjectHideFlags: 0
  m_CorrespondingSourceObject: {fileID: 0}
  m_PrefabInstance: {fileID: 0}
  m_PrefabAsset: {fileID: 0}
  serializedVersion: 6
  m_Component:
  - component: {fileID: 5664189907451837396}
  m_Layer: 0
  m_Name: Base
  m_TagString: Untagged
  m_Icon: {fileID: 0}
  m_NavMeshLayer: 0
  m_StaticEditorFlags: 0
  m_IsActive: 1
--- !u!4 &5664189907451837396
Transform:
  m_ObjectHideFlags: 0
  m_CorrespondingSourceObject: {fileID: 0}
  m_PrefabInstance: {fileID: 0}
  m_PrefabAsset: {fileID: 0}
  m_GameObject: {fileID: 969101045217400472}
  m_LocalRotation: {x: 0.7071068, y: 0, z: -0, w: 0.7071067}
  m_LocalPosition: {x: -0, y: 0, z: 0}
  m_LocalScale: {x: 1, y: 1, z: 1}
  m_ConstrainProportionsScale: 0
  m_Children:
  - {fileID: 1366655149737597994}
  m_Father: {fileID: 591855853570703106}
  m_RootOrder: 0
  m_LocalEulerAnglesHint: {x: 0, y: 0, z: 0}
--- !u!1 &1086715096707939480
GameObject:
  m_ObjectHideFlags: 0
  m_CorrespondingSourceObject: {fileID: 0}
  m_PrefabInstance: {fileID: 0}
  m_PrefabAsset: {fileID: 0}
  serializedVersion: 6
  m_Component:
  - component: {fileID: 4396352723659601495}
  m_Layer: 0
  m_Name: Rear_Coil_R
  m_TagString: Untagged
  m_Icon: {fileID: 0}
  m_NavMeshLayer: 0
  m_StaticEditorFlags: 0
  m_IsActive: 1
--- !u!4 &4396352723659601495
Transform:
  m_ObjectHideFlags: 0
  m_CorrespondingSourceObject: {fileID: 0}
  m_PrefabInstance: {fileID: 0}
  m_PrefabAsset: {fileID: 0}
  m_GameObject: {fileID: 1086715096707939480}
  m_LocalRotation: {x: -0.5001949, y: -0.49980503, z: -0.49986497, w: 0.500135}
  m_LocalPosition: {x: 0.0009633102, y: 0.00089404336, z: 0.00062059076}
  m_LocalScale: {x: 1, y: 1.0000001, z: 1}
  m_ConstrainProportionsScale: 0
  m_Children: []
  m_Father: {fileID: 5867089672166505587}
  m_RootOrder: 9
  m_LocalEulerAnglesHint: {x: 0, y: 0, z: 0}
--- !u!1 &1093576181575159512
GameObject:
  m_ObjectHideFlags: 0
  m_CorrespondingSourceObject: {fileID: 0}
  m_PrefabInstance: {fileID: 0}
  m_PrefabAsset: {fileID: 0}
  serializedVersion: 6
  m_Component:
  - component: {fileID: 8082032552594265594}
  m_Layer: 0
  m_Name: Gun_M_1
  m_TagString: Untagged
  m_Icon: {fileID: 0}
  m_NavMeshLayer: 0
  m_StaticEditorFlags: 0
  m_IsActive: 1
--- !u!4 &8082032552594265594
Transform:
  m_ObjectHideFlags: 0
  m_CorrespondingSourceObject: {fileID: 0}
  m_PrefabInstance: {fileID: 0}
  m_PrefabAsset: {fileID: 0}
  m_GameObject: {fileID: 1093576181575159512}
  m_LocalRotation: {x: 0.000000014166361, y: 0.70734, z: 0.0000000069043655, w: 0.7068735}
  m_LocalPosition: {x: 4.318734e-12, y: 0.004428382, z: 6.573162e-11}
  m_LocalScale: {x: 1.014815, y: 0.99999994, z: 1.014815}
  m_ConstrainProportionsScale: 0
  m_Children:
  - {fileID: 8843608070957413272}
  m_Father: {fileID: 2508159140083894378}
  m_RootOrder: 5
  m_LocalEulerAnglesHint: {x: 0, y: 0, z: 0}
--- !u!1 &1276178552280237947
GameObject:
  m_ObjectHideFlags: 0
  m_CorrespondingSourceObject: {fileID: 0}
  m_PrefabInstance: {fileID: 0}
  m_PrefabAsset: {fileID: 0}
  serializedVersion: 6
  m_Component:
  - component: {fileID: 6691705053854386444}
  m_Layer: 0
  m_Name: Ammo_1
  m_TagString: Untagged
  m_Icon: {fileID: 0}
  m_NavMeshLayer: 0
  m_StaticEditorFlags: 0
  m_IsActive: 1
--- !u!4 &6691705053854386444
Transform:
  m_ObjectHideFlags: 0
  m_CorrespondingSourceObject: {fileID: 0}
  m_PrefabInstance: {fileID: 0}
  m_PrefabAsset: {fileID: 0}
  m_GameObject: {fileID: 1276178552280237947}
  m_LocalRotation: {x: 0.000000012610158, y: 0.7073402, z: 0.000000012617876, w: 0.7068733}
  m_LocalPosition: {x: 0.00042410436, y: 0.0033158397, z: -0.00068234745}
  m_LocalScale: {x: 1, y: 0.99999994, z: 1}
  m_ConstrainProportionsScale: 0
  m_Children: []
  m_Father: {fileID: 2508159140083894378}
  m_RootOrder: 0
  m_LocalEulerAnglesHint: {x: 0, y: 0, z: 0}
--- !u!1 &1344741830459553096
GameObject:
  m_ObjectHideFlags: 0
  m_CorrespondingSourceObject: {fileID: 0}
  m_PrefabInstance: {fileID: 0}
  m_PrefabAsset: {fileID: 0}
  serializedVersion: 6
  m_Component:
  - component: {fileID: 591855853570703106}
  m_Layer: 0
  m_Name: Armature
  m_TagString: Untagged
  m_Icon: {fileID: 0}
  m_NavMeshLayer: 0
  m_StaticEditorFlags: 0
  m_IsActive: 1
--- !u!4 &591855853570703106
Transform:
  m_ObjectHideFlags: 0
  m_CorrespondingSourceObject: {fileID: 0}
  m_PrefabInstance: {fileID: 0}
  m_PrefabAsset: {fileID: 0}
  m_GameObject: {fileID: 1344741830459553096}
  m_LocalRotation: {x: -0.7071068, y: 0.000000057601163, z: 0.000000057601163, w: 0.7071068}
  m_LocalPosition: {x: -0, y: 0, z: 0}
  m_LocalScale: {x: 100, y: 100, z: 100}
  m_ConstrainProportionsScale: 0
  m_Children:
  - {fileID: 5664189907451837396}
  m_Father: {fileID: 8396509131912703900}
  m_RootOrder: 0
  m_LocalEulerAnglesHint: {x: 0, y: 0, z: 0}
--- !u!1 &1672134378630166607
GameObject:
  m_ObjectHideFlags: 0
  m_CorrespondingSourceObject: {fileID: 0}
  m_PrefabInstance: {fileID: 0}
  m_PrefabAsset: {fileID: 0}
  serializedVersion: 6
  m_Component:
  - component: {fileID: 8843608070957413272}
  m_Layer: 0
  m_Name: Gun_M_2
  m_TagString: Untagged
  m_Icon: {fileID: 0}
  m_NavMeshLayer: 0
  m_StaticEditorFlags: 0
  m_IsActive: 1
--- !u!4 &8843608070957413272
Transform:
  m_ObjectHideFlags: 0
  m_CorrespondingSourceObject: {fileID: 0}
  m_PrefabInstance: {fileID: 0}
  m_PrefabAsset: {fileID: 0}
  m_GameObject: {fileID: 1672134378630166607}
  m_LocalRotation: {x: 1.0824311e-15, y: -0.000000016937136, z: -1.7408105e-15, w: 1}
  m_LocalPosition: {x: 1.1509493e-12, y: 0.004873165, z: 3.2196467e-17}
  m_LocalScale: {x: 1, y: 0.9858498, z: 1}
  m_ConstrainProportionsScale: 0
  m_Children: []
  m_Father: {fileID: 8082032552594265594}
  m_RootOrder: 0
  m_LocalEulerAnglesHint: {x: 0, y: 0, z: 0}
--- !u!1 &2141338815507600124
GameObject:
  m_ObjectHideFlags: 0
  m_CorrespondingSourceObject: {fileID: 0}
  m_PrefabInstance: {fileID: 0}
  m_PrefabAsset: {fileID: 0}
  serializedVersion: 6
  m_Component:
  - component: {fileID: 2204949383178448018}
  m_Layer: 0
  m_Name: Top_Coil_2
  m_TagString: Untagged
  m_Icon: {fileID: 0}
  m_NavMeshLayer: 0
  m_StaticEditorFlags: 0
  m_IsActive: 1
--- !u!4 &2204949383178448018
Transform:
  m_ObjectHideFlags: 0
  m_CorrespondingSourceObject: {fileID: 0}
  m_PrefabInstance: {fileID: 0}
  m_PrefabAsset: {fileID: 0}
  m_GameObject: {fileID: 2141338815507600124}
  m_LocalRotation: {x: 0.56272966, y: -0.4285621, z: 0.56235826, w: -0.4282792}
  m_LocalPosition: {x: -0.000000055795713, y: 0.0041321027, z: -0.00008469039}
  m_LocalScale: {x: 1, y: 0.99999994, z: 1}
  m_ConstrainProportionsScale: 0
  m_Children: []
  m_Father: {fileID: 5867089672166505587}
  m_RootOrder: 12
  m_LocalEulerAnglesHint: {x: 0, y: 0, z: 0}
--- !u!1 &2285344417599591036
GameObject:
  m_ObjectHideFlags: 0
  m_CorrespondingSourceObject: {fileID: 0}
  m_PrefabInstance: {fileID: 0}
  m_PrefabAsset: {fileID: 0}
  serializedVersion: 6
  m_Component:
  - component: {fileID: 8630250691520961155}
  m_Layer: 0
  m_Name: Water_Barrel
  m_TagString: Untagged
  m_Icon: {fileID: 0}
  m_NavMeshLayer: 0
  m_StaticEditorFlags: 0
  m_IsActive: 1
--- !u!4 &8630250691520961155
Transform:
  m_ObjectHideFlags: 0
  m_CorrespondingSourceObject: {fileID: 0}
  m_PrefabInstance: {fileID: 0}
  m_PrefabAsset: {fileID: 0}
  m_GameObject: {fileID: 2285344417599591036}
  m_LocalRotation: {x: 0.000000013464619, y: 0.7073402, z: 0.0000000075685875, w: 0.7068733}
  m_LocalPosition: {x: -0.000795113, y: 0.0030381866, z: 0.000032076623}
  m_LocalScale: {x: 0.9997619, y: 0.99999976, z: 0.9997619}
  m_ConstrainProportionsScale: 0
  m_Children: []
  m_Father: {fileID: 2508159140083894378}
  m_RootOrder: 13
  m_LocalEulerAnglesHint: {x: 0, y: 0, z: 0}
--- !u!1 &2503551208598087744
GameObject:
  m_ObjectHideFlags: 0
  m_CorrespondingSourceObject: {fileID: 0}
  m_PrefabInstance: {fileID: 0}
  m_PrefabAsset: {fileID: 0}
  serializedVersion: 6
  m_Component:
  - component: {fileID: 2508159140083894378}
  m_Layer: 0
  m_Name: Turret
  m_TagString: Untagged
  m_Icon: {fileID: 0}
  m_NavMeshLayer: 0
  m_StaticEditorFlags: 0
  m_IsActive: 1
--- !u!4 &2508159140083894378
Transform:
  m_ObjectHideFlags: 0
  m_CorrespondingSourceObject: {fileID: 0}
  m_PrefabInstance: {fileID: 0}
  m_PrefabAsset: {fileID: 0}
  m_GameObject: {fileID: 2503551208598087744}
  m_LocalRotation: {x: 0.38939506, y: -0.5905096, z: 0.38913798, w: 0.59011996}
  m_LocalPosition: {x: 0.0037712832, y: 0.0031869113, z: -8.9874824e-10}
  m_LocalScale: {x: 1.005558, y: 0.99999976, z: 1.005558}
  m_ConstrainProportionsScale: 0
  m_Children:
  - {fileID: 6691705053854386444}
  - {fileID: 1775870877694544073}
  - {fileID: 8703146212613291539}
  - {fileID: 278458402083925029}
  - {fileID: 1411928586774504838}
  - {fileID: 8082032552594265594}
  - {fileID: 8355914908740136844}
  - {fileID: 3947853670529323295}
  - {fileID: 3214220476231504349}
  - {fileID: 5665572346712048206}
  - {fileID: 3252960837220430223}
  - {fileID: 413532883485088132}
  - {fileID: 7870988412831930507}
  - {fileID: 8630250691520961155}
  m_Father: {fileID: 1366655149737597994}
  m_RootOrder: 0
  m_LocalEulerAnglesHint: {x: 0, y: 0, z: 0}
--- !u!1 &2747518426685305958
GameObject:
  m_ObjectHideFlags: 0
  m_CorrespondingSourceObject: {fileID: 0}
  m_PrefabInstance: {fileID: 0}
  m_PrefabAsset: {fileID: 0}
  serializedVersion: 6
  m_Component:
  - component: {fileID: 278458402083925029}
  m_Layer: 0
  m_Name: Fire_Barrel
  m_TagString: Untagged
  m_Icon: {fileID: 0}
  m_NavMeshLayer: 0
  m_StaticEditorFlags: 0
  m_IsActive: 1
--- !u!4 &278458402083925029
Transform:
  m_ObjectHideFlags: 0
  m_CorrespondingSourceObject: {fileID: 0}
  m_PrefabInstance: {fileID: 0}
  m_PrefabAsset: {fileID: 0}
  m_GameObject: {fileID: 2747518426685305958}
  m_LocalRotation: {x: 0.000000015933093, y: 0.000000005762198, z: -0.0000000049024917,
    w: 1}
  m_LocalPosition: {x: 0.00071870413, y: 0.0027125487, z: 0.00025225952}
  m_LocalScale: {x: 1.0076389, y: 0.99782807, z: 1.0076389}
  m_ConstrainProportionsScale: 0
  m_Children: []
  m_Father: {fileID: 2508159140083894378}
  m_RootOrder: 3
  m_LocalEulerAnglesHint: {x: 0, y: 0, z: 0}
--- !u!1 &2792134851901672998
GameObject:
  m_ObjectHideFlags: 0
  m_CorrespondingSourceObject: {fileID: 0}
  m_PrefabInstance: {fileID: 0}
  m_PrefabAsset: {fileID: 0}
  serializedVersion: 6
  m_Component:
  - component: {fileID: 8511797236220505501}
  m_Layer: 0
  m_Name: Top_Coil_1
  m_TagString: Untagged
  m_Icon: {fileID: 0}
  m_NavMeshLayer: 0
  m_StaticEditorFlags: 0
  m_IsActive: 1
--- !u!4 &8511797236220505501
Transform:
  m_ObjectHideFlags: 0
  m_CorrespondingSourceObject: {fileID: 0}
  m_PrefabInstance: {fileID: 0}
  m_PrefabAsset: {fileID: 0}
  m_GameObject: {fileID: 2792134851901672998}
  m_LocalRotation: {x: 0.56272966, y: -0.4285621, z: 0.56235826, w: -0.4282792}
  m_LocalPosition: {x: -0.00000005697566, y: 0.0025406068, z: -0.00008640407}
  m_LocalScale: {x: 1, y: 0.99999994, z: 1}
  m_ConstrainProportionsScale: 0
  m_Children: []
  m_Father: {fileID: 5867089672166505587}
  m_RootOrder: 11
  m_LocalEulerAnglesHint: {x: 0, y: 0, z: 0}
--- !u!1 &2850583620093330555
GameObject:
  m_ObjectHideFlags: 0
  m_CorrespondingSourceObject: {fileID: 0}
  m_PrefabInstance: {fileID: 0}
  m_PrefabAsset: {fileID: 0}
  serializedVersion: 6
  m_Component:
  - component: {fileID: 8388681813803272818}
  - component: {fileID: 3874089531187448514}
  m_Layer: 0
  m_Name: Base
  m_TagString: Untagged
  m_Icon: {fileID: 0}
  m_NavMeshLayer: 0
  m_StaticEditorFlags: 0
  m_IsActive: 1
--- !u!4 &8388681813803272818
Transform:
  m_ObjectHideFlags: 0
  m_CorrespondingSourceObject: {fileID: 0}
  m_PrefabInstance: {fileID: 0}
  m_PrefabAsset: {fileID: 0}
  m_GameObject: {fileID: 2850583620093330555}
  m_LocalRotation: {x: -0.7071068, y: 0.000000057601163, z: 0.000000057601163, w: 0.7071068}
  m_LocalPosition: {x: -0, y: 0, z: 0}
  m_LocalScale: {x: 100, y: 100, z: 100}
  m_ConstrainProportionsScale: 0
  m_Children: []
  m_Father: {fileID: 8396509131912703900}
  m_RootOrder: 1
  m_LocalEulerAnglesHint: {x: 0, y: 0, z: 0}
--- !u!137 &3874089531187448514
SkinnedMeshRenderer:
  m_ObjectHideFlags: 0
  m_CorrespondingSourceObject: {fileID: 0}
  m_PrefabInstance: {fileID: 0}
  m_PrefabAsset: {fileID: 0}
  m_GameObject: {fileID: 2850583620093330555}
  m_Enabled: 1
  m_CastShadows: 1
  m_ReceiveShadows: 1
  m_DynamicOccludee: 1
  m_StaticShadowCaster: 0
  m_MotionVectors: 1
  m_LightProbeUsage: 1
  m_ReflectionProbeUsage: 1
  m_RayTracingMode: 3
  m_RayTraceProcedural: 0
  m_RenderingLayerMask: 1
  m_RendererPriority: 0
  m_Materials:
  - {fileID: 2100000, guid: 929becb560db37641873d22809d1d638, type: 2}
  - {fileID: 2100000, guid: 209017871b5dae240b73128387c1993b, type: 2}
  m_StaticBatchInfo:
    firstSubMesh: 0
    subMeshCount: 0
  m_StaticBatchRoot: {fileID: 0}
  m_ProbeAnchor: {fileID: 0}
  m_LightProbeVolumeOverride: {fileID: 0}
  m_ScaleInLightmap: 1
  m_ReceiveGI: 1
  m_PreserveUVs: 0
  m_IgnoreNormalsForChartDetection: 0
  m_ImportantGI: 0
  m_StitchLightmapSeams: 1
  m_SelectedEditorRenderState: 3
  m_MinimumChartSize: 4
  m_AutoUVMaxDistance: 0.5
  m_AutoUVMaxAngle: 89
  m_LightmapParameters: {fileID: 0}
  m_SortingLayerID: 0
  m_SortingLayer: 0
  m_SortingOrder: 0
  serializedVersion: 2
  m_Quality: 0
  m_UpdateWhenOffscreen: 0
  m_SkinnedMotionVectors: 1
  m_Mesh: {fileID: 3909233067320746374, guid: 6c66f08989acae3498b2c60f3d1f4955, type: 3}
  m_Bones:
  - {fileID: 5664189907451837396}
  - {fileID: 1366655149737597994}
  - {fileID: 2508159140083894378}
  - {fileID: 1411928586774504838}
  - {fileID: 2504412556729716032}
  - {fileID: 8355914908740136844}
  - {fileID: 124252517049976294}
  - {fileID: 8082032552594265594}
  - {fileID: 8843608070957413272}
  - {fileID: 8703146212613291539}
  - {fileID: 6691705053854386444}
  - {fileID: 1775870877694544073}
  - {fileID: 278458402083925029}
  - {fileID: 7870988412831930507}
  - {fileID: 413532883485088132}
  - {fileID: 3214220476231504349}
  - {fileID: 5665572346712048206}
  - {fileID: 3252960837220430223}
  - {fileID: 3947853670529323295}
  - {fileID: 8630250691520961155}
  m_BlendShapeWeights: []
  m_RootBone: {fileID: 5664189907451837396}
  m_AABB:
    m_Center: {x: -0.000915173, y: 0.0018538658, z: -9.313226e-10}
    m_Extent: {x: 0.0055556265, y: 0.0021328374, z: 0.0057563623}
  m_DirtyAABB: 0
--- !u!1 &3021773071335984481
GameObject:
  m_ObjectHideFlags: 0
  m_CorrespondingSourceObject: {fileID: 0}
  m_PrefabInstance: {fileID: 0}
  m_PrefabAsset: {fileID: 0}
  serializedVersion: 6
  m_Component:
  - component: {fileID: 8222372853156622847}
  m_Layer: 0
  m_Name: Gun_R_2
  m_TagString: Untagged
  m_Icon: {fileID: 0}
  m_NavMeshLayer: 0
  m_StaticEditorFlags: 0
  m_IsActive: 1
--- !u!4 &8222372853156622847
Transform:
  m_ObjectHideFlags: 0
  m_CorrespondingSourceObject: {fileID: 0}
  m_PrefabInstance: {fileID: 0}
  m_PrefabAsset: {fileID: 0}
  m_GameObject: {fileID: 3021773071335984481}
  m_LocalRotation: {x: -0.0000000025714102, y: -0.000000016937136, z: 4.024725e-13,
    w: 1}
  m_LocalPosition: {x: 2.8454308e-10, y: 0.004830883, z: -1.7615549e-10}
  m_LocalScale: {x: 1, y: 0.977729, z: 1}
  m_ConstrainProportionsScale: 0
  m_Children: []
  m_Father: {fileID: 23925221670640533}
  m_RootOrder: 0
  m_LocalEulerAnglesHint: {x: 0, y: 0, z: 0}
--- !u!1 &3863680963293243540
GameObject:
  m_ObjectHideFlags: 0
  m_CorrespondingSourceObject: {fileID: 0}
  m_PrefabInstance: {fileID: 0}
  m_PrefabAsset: {fileID: 0}
  serializedVersion: 6
  m_Component:
  - component: {fileID: 821092005858281994}
  m_Layer: 0
  m_Name: Barrel
  m_TagString: Untagged
  m_Icon: {fileID: 0}
  m_NavMeshLayer: 0
  m_StaticEditorFlags: 0
  m_IsActive: 1
--- !u!4 &821092005858281994
Transform:
  m_ObjectHideFlags: 0
  m_CorrespondingSourceObject: {fileID: 0}
  m_PrefabInstance: {fileID: 0}
  m_PrefabAsset: {fileID: 0}
  m_GameObject: {fileID: 3863680963293243540}
  m_LocalRotation: {x: 0.000000012831803, y: 0.000000005785229, z: -0.000000008554537,
    w: 1}
  m_LocalPosition: {x: -0.00052117405, y: 0.0040795705, z: 0.0002660605}
  m_LocalScale: {x: 1.0011121, y: 0.9940102, z: 1.0011121}
  m_ConstrainProportionsScale: 0
  m_Children: []
  m_Father: {fileID: 5867089672166505587}
  m_RootOrder: 2
  m_LocalEulerAnglesHint: {x: 0, y: 0, z: 0}
--- !u!1 &3955777347490682371
GameObject:
  m_ObjectHideFlags: 0
  m_CorrespondingSourceObject: {fileID: 0}
  m_PrefabInstance: {fileID: 0}
  m_PrefabAsset: {fileID: 0}
  serializedVersion: 6
  m_Component:
  - component: {fileID: 5864714181758318937}
  m_Layer: 0
  m_Name: Gun_L_2
  m_TagString: Untagged
  m_Icon: {fileID: 0}
  m_NavMeshLayer: 0
  m_StaticEditorFlags: 0
  m_IsActive: 1
--- !u!4 &5864714181758318937
Transform:
  m_ObjectHideFlags: 0
  m_CorrespondingSourceObject: {fileID: 0}
  m_PrefabInstance: {fileID: 0}
  m_PrefabAsset: {fileID: 0}
  m_GameObject: {fileID: 3955777347490682371}
  m_LocalRotation: {x: -0.0000000025714124, y: -0.000000016937108, z: 4.0239188e-13,
    w: 1}
  m_LocalPosition: {x: 2.9127348e-10, y: 0.0048080515, z: 5.6600636e-12}
  m_LocalScale: {x: 1, y: 1, z: 1}
  m_ConstrainProportionsScale: 0
  m_Children: []
  m_Father: {fileID: 6934133971981210015}
  m_RootOrder: 0
  m_LocalEulerAnglesHint: {x: 0, y: 0, z: 0}
--- !u!1 &4380136890725166707
GameObject:
  m_ObjectHideFlags: 0
  m_CorrespondingSourceObject: {fileID: 0}
  m_PrefabInstance: {fileID: 0}
  m_PrefabAsset: {fileID: 0}
  serializedVersion: 6
  m_Component:
  - component: {fileID: 3252960837220430223}
  m_Layer: 0
  m_Name: Tank
  m_TagString: Untagged
  m_Icon: {fileID: 0}
  m_NavMeshLayer: 0
  m_StaticEditorFlags: 0
  m_IsActive: 1
--- !u!4 &3252960837220430223
Transform:
  m_ObjectHideFlags: 0
  m_CorrespondingSourceObject: {fileID: 0}
  m_PrefabInstance: {fileID: 0}
  m_PrefabAsset: {fileID: 0}
  m_GameObject: {fileID: 4380136890725166707}
  m_LocalRotation: {x: -0.00023312008, y: 0.00023358216, z: -0.70710677, w: 0.7071067}
  m_LocalPosition: {x: -0.003047406, y: -0.00020405946, z: -0.0004989287}
  m_LocalScale: {x: 1.0074136, y: 1, z: 1.0074137}
  m_ConstrainProportionsScale: 0
  m_Children: []
  m_Father: {fileID: 2508159140083894378}
  m_RootOrder: 10
  m_LocalEulerAnglesHint: {x: 0, y: 0, z: 0}
--- !u!1 &4394401663141970943
GameObject:
  m_ObjectHideFlags: 0
  m_CorrespondingSourceObject: {fileID: 0}
  m_PrefabInstance: {fileID: 0}
  m_PrefabAsset: {fileID: 0}
  serializedVersion: 6
  m_Component:
  - component: {fileID: 1411928586774504838}
  m_Layer: 0
  m_Name: Gun_L_1
  m_TagString: Untagged
  m_Icon: {fileID: 0}
  m_NavMeshLayer: 0
  m_StaticEditorFlags: 0
  m_IsActive: 1
--- !u!4 &1411928586774504838
Transform:
  m_ObjectHideFlags: 0
  m_CorrespondingSourceObject: {fileID: 0}
  m_PrefabInstance: {fileID: 0}
  m_PrefabAsset: {fileID: 0}
  m_GameObject: {fileID: 4394401663141970943}
  m_LocalRotation: {x: 0.000000015984194, y: 0.70734, z: 0.0000000050847673, w: 0.7068735}
  m_LocalPosition: {x: -0.0008325678, y: 0.0044943555, z: 0.00000054965864}
  m_LocalScale: {x: 1, y: 0.99999994, z: 1}
  m_ConstrainProportionsScale: 0
  m_Children:
  - {fileID: 2504412556729716032}
  m_Father: {fileID: 2508159140083894378}
  m_RootOrder: 4
  m_LocalEulerAnglesHint: {x: 0, y: 0, z: 0}
--- !u!1 &4575039330111238829
GameObject:
  m_ObjectHideFlags: 0
  m_CorrespondingSourceObject: {fileID: 0}
  m_PrefabInstance: {fileID: 0}
  m_PrefabAsset: {fileID: 0}
  serializedVersion: 6
  m_Component:
  - component: {fileID: 7013659416978270259}
  m_Layer: 0
  m_Name: Top_Base
  m_TagString: Untagged
  m_Icon: {fileID: 0}
  m_NavMeshLayer: 0
  m_StaticEditorFlags: 0
  m_IsActive: 1
--- !u!4 &7013659416978270259
Transform:
  m_ObjectHideFlags: 0
  m_CorrespondingSourceObject: {fileID: 0}
  m_PrefabInstance: {fileID: 0}
  m_PrefabAsset: {fileID: 0}
  m_GameObject: {fileID: 4575039330111238829}
  m_LocalRotation: {x: 0.000000023924201, y: -0.00000011655685, z: 0.20106593, w: 0.9795777}
  m_LocalPosition: {x: -0, y: 0.0034353447, z: 0}
  m_LocalScale: {x: 1, y: 0.99999994, z: 1}
  m_ConstrainProportionsScale: 0
  m_Children:
  - {fileID: 5867089672166505587}
  m_Father: {fileID: 4411818167643770829}
  m_RootOrder: 0
  m_LocalEulerAnglesHint: {x: 0, y: 0, z: 0}
--- !u!1 &4992078574597530138
GameObject:
  m_ObjectHideFlags: 0
  m_CorrespondingSourceObject: {fileID: 0}
  m_PrefabInstance: {fileID: 0}
  m_PrefabAsset: {fileID: 0}
  serializedVersion: 6
  m_Component:
  - component: {fileID: 2504412556729716032}
  m_Layer: 0
  m_Name: Gun_L_2
  m_TagString: Untagged
  m_Icon: {fileID: 0}
  m_NavMeshLayer: 0
  m_StaticEditorFlags: 0
  m_IsActive: 1
--- !u!4 &2504412556729716032
Transform:
  m_ObjectHideFlags: 0
  m_CorrespondingSourceObject: {fileID: 0}
  m_PrefabInstance: {fileID: 0}
  m_PrefabAsset: {fileID: 0}
  m_GameObject: {fileID: 4992078574597530138}
  m_LocalRotation: {x: -0.0000000025714124, y: -0.000000016937108, z: 4.0239188e-13,
    w: 1}
  m_LocalPosition: {x: 2.9127348e-10, y: 0.0048080515, z: 5.6600636e-12}
  m_LocalScale: {x: 1, y: 1, z: 1}
  m_ConstrainProportionsScale: 0
  m_Children: []
  m_Father: {fileID: 1411928586774504838}
  m_RootOrder: 0
  m_LocalEulerAnglesHint: {x: 0, y: 0, z: 0}
--- !u!1 &5061024362133003405
GameObject:
  m_ObjectHideFlags: 0
  m_CorrespondingSourceObject: {fileID: 0}
  m_PrefabInstance: {fileID: 0}
  m_PrefabAsset: {fileID: 0}
  serializedVersion: 6
  m_Component:
  - component: {fileID: 8703146212613291539}
  m_Layer: 0
  m_Name: Barrel
  m_TagString: Untagged
  m_Icon: {fileID: 0}
  m_NavMeshLayer: 0
  m_StaticEditorFlags: 0
  m_IsActive: 1
--- !u!4 &8703146212613291539
Transform:
  m_ObjectHideFlags: 0
  m_CorrespondingSourceObject: {fileID: 0}
  m_PrefabInstance: {fileID: 0}
  m_PrefabAsset: {fileID: 0}
  m_GameObject: {fileID: 5061024362133003405}
  m_LocalRotation: {x: 0.000000012831803, y: 0.000000005785229, z: -0.000000008554537,
    w: 1}
  m_LocalPosition: {x: -0.00052117405, y: 0.0040795705, z: 0.0002660605}
  m_LocalScale: {x: 1.0011121, y: 0.9940102, z: 1.0011121}
  m_ConstrainProportionsScale: 0
  m_Children: []
  m_Father: {fileID: 2508159140083894378}
  m_RootOrder: 2
  m_LocalEulerAnglesHint: {x: 0, y: 0, z: 0}
--- !u!1 &5539178561316439732
GameObject:
  m_ObjectHideFlags: 0
  m_CorrespondingSourceObject: {fileID: 0}
  m_PrefabInstance: {fileID: 0}
  m_PrefabAsset: {fileID: 0}
  serializedVersion: 6
  m_Component:
  - component: {fileID: 1366655149737597994}
  m_Layer: 0
  m_Name: Top_Base
  m_TagString: Untagged
  m_Icon: {fileID: 0}
  m_NavMeshLayer: 0
  m_StaticEditorFlags: 0
  m_IsActive: 1
--- !u!4 &1366655149737597994
Transform:
  m_ObjectHideFlags: 0
  m_CorrespondingSourceObject: {fileID: 0}
  m_PrefabInstance: {fileID: 0}
  m_PrefabAsset: {fileID: 0}
  m_GameObject: {fileID: 5539178561316439732}
  m_LocalRotation: {x: 0.000000023924201, y: -0.00000011655685, z: 0.20106593, w: 0.9795777}
  m_LocalPosition: {x: -0, y: 0.0034353447, z: 0}
  m_LocalScale: {x: 1, y: 0.99999994, z: 1}
  m_ConstrainProportionsScale: 0
  m_Children:
  - {fileID: 2508159140083894378}
  m_Father: {fileID: 5664189907451837396}
  m_RootOrder: 0
  m_LocalEulerAnglesHint: {x: 0, y: 0, z: 0}
--- !u!1 &5719253278105532390
GameObject:
  m_ObjectHideFlags: 0
  m_CorrespondingSourceObject: {fileID: 0}
  m_PrefabInstance: {fileID: 0}
  m_PrefabAsset: {fileID: 0}
  serializedVersion: 6
  m_Component:
  - component: {fileID: 6934133971981210015}
  m_Layer: 0
  m_Name: Gun_L_1
  m_TagString: Untagged
  m_Icon: {fileID: 0}
  m_NavMeshLayer: 0
  m_StaticEditorFlags: 0
  m_IsActive: 1
--- !u!4 &6934133971981210015
Transform:
  m_ObjectHideFlags: 0
  m_CorrespondingSourceObject: {fileID: 0}
  m_PrefabInstance: {fileID: 0}
  m_PrefabAsset: {fileID: 0}
  m_GameObject: {fileID: 5719253278105532390}
  m_LocalRotation: {x: 0.000000015984194, y: 0.70734, z: 0.0000000050847673, w: 0.7068735}
  m_LocalPosition: {x: -0.0008325678, y: 0.0044943555, z: 0.00000054965864}
  m_LocalScale: {x: 1, y: 0.99999994, z: 1}
  m_ConstrainProportionsScale: 0
  m_Children:
  - {fileID: 5864714181758318937}
  m_Father: {fileID: 5867089672166505587}
  m_RootOrder: 4
  m_LocalEulerAnglesHint: {x: 0, y: 0, z: 0}
--- !u!1 &5722822515437378154
GameObject:
  m_ObjectHideFlags: 0
  m_CorrespondingSourceObject: {fileID: 0}
  m_PrefabInstance: {fileID: 0}
  m_PrefabAsset: {fileID: 0}
  serializedVersion: 6
  m_Component:
  - component: {fileID: 6811137189167400342}
  m_Layer: 0
  m_Name: Tank
  m_TagString: Untagged
  m_Icon: {fileID: 0}
  m_NavMeshLayer: 0
  m_StaticEditorFlags: 0
  m_IsActive: 1
--- !u!4 &6811137189167400342
Transform:
  m_ObjectHideFlags: 0
  m_CorrespondingSourceObject: {fileID: 0}
  m_PrefabInstance: {fileID: 0}
  m_PrefabAsset: {fileID: 0}
  m_GameObject: {fileID: 5722822515437378154}
  m_LocalRotation: {x: -0.00023312008, y: 0.00023358216, z: -0.70710677, w: 0.7071067}
  m_LocalPosition: {x: -0.003047406, y: -0.00020405946, z: -0.0004989287}
  m_LocalScale: {x: 1.0074136, y: 1, z: 1.0074137}
  m_ConstrainProportionsScale: 0
  m_Children: []
  m_Father: {fileID: 5867089672166505587}
  m_RootOrder: 10
  m_LocalEulerAnglesHint: {x: 0, y: 0, z: 0}
--- !u!1 &5844745449893551193
GameObject:
  m_ObjectHideFlags: 0
  m_CorrespondingSourceObject: {fileID: 0}
  m_PrefabInstance: {fileID: 0}
  m_PrefabAsset: {fileID: 0}
  serializedVersion: 6
  m_Component:
  - component: {fileID: 5867089672166505587}
  m_Layer: 0
  m_Name: Turret
  m_TagString: Untagged
  m_Icon: {fileID: 0}
  m_NavMeshLayer: 0
  m_StaticEditorFlags: 0
  m_IsActive: 1
--- !u!4 &5867089672166505587
Transform:
  m_ObjectHideFlags: 0
  m_CorrespondingSourceObject: {fileID: 0}
  m_PrefabInstance: {fileID: 0}
  m_PrefabAsset: {fileID: 0}
  m_GameObject: {fileID: 5844745449893551193}
  m_LocalRotation: {x: 0.38939506, y: -0.5905096, z: 0.38913798, w: 0.59011996}
  m_LocalPosition: {x: 0.0037712832, y: 0.0031869113, z: -8.9874824e-10}
  m_LocalScale: {x: 1.005558, y: 0.99999976, z: 1.005558}
  m_ConstrainProportionsScale: 0
  m_Children:
  - {fileID: 3422566119593753877}
  - {fileID: 7712408508803628240}
  - {fileID: 821092005858281994}
  - {fileID: 8106369355470477372}
  - {fileID: 6934133971981210015}
  - {fileID: 255568571609326051}
  - {fileID: 23925221670640533}
  - {fileID: 5002167082291176710}
  - {fileID: 6861770542795564484}
  - {fileID: 4396352723659601495}
  - {fileID: 6811137189167400342}
  - {fileID: 8511797236220505501}
  - {fileID: 2204949383178448018}
  - {fileID: 316972491118243482}
  m_Father: {fileID: 7013659416978270259}
  m_RootOrder: 0
  m_LocalEulerAnglesHint: {x: 0, y: 0, z: 0}
--- !u!1 &6133186158698904127
GameObject:
  m_ObjectHideFlags: 0
  m_CorrespondingSourceObject: {fileID: 0}
  m_PrefabInstance: {fileID: 0}
  m_PrefabAsset: {fileID: 0}
  serializedVersion: 6
  m_Component:
  - component: {fileID: 413532883485088132}
  m_Layer: 0
  m_Name: Top_Coil_1
  m_TagString: Untagged
  m_Icon: {fileID: 0}
  m_NavMeshLayer: 0
  m_StaticEditorFlags: 0
  m_IsActive: 1
--- !u!4 &413532883485088132
Transform:
  m_ObjectHideFlags: 0
  m_CorrespondingSourceObject: {fileID: 0}
  m_PrefabInstance: {fileID: 0}
  m_PrefabAsset: {fileID: 0}
  m_GameObject: {fileID: 6133186158698904127}
  m_LocalRotation: {x: 0.56272966, y: -0.4285621, z: 0.56235826, w: -0.4282792}
  m_LocalPosition: {x: -0.00000005697566, y: 0.0025406068, z: -0.00008640407}
  m_LocalScale: {x: 1, y: 0.99999994, z: 1}
  m_ConstrainProportionsScale: 0
  m_Children: []
  m_Father: {fileID: 2508159140083894378}
  m_RootOrder: 11
  m_LocalEulerAnglesHint: {x: 0, y: 0, z: 0}
--- !u!1 &6162040268681609343
GameObject:
  m_ObjectHideFlags: 0
  m_CorrespondingSourceObject: {fileID: 0}
  m_PrefabInstance: {fileID: 0}
  m_PrefabAsset: {fileID: 0}
  serializedVersion: 6
  m_Component:
  - component: {fileID: 8106369355470477372}
  m_Layer: 0
  m_Name: Fire_Barrel
  m_TagString: Untagged
  m_Icon: {fileID: 0}
  m_NavMeshLayer: 0
  m_StaticEditorFlags: 0
  m_IsActive: 1
--- !u!4 &8106369355470477372
Transform:
  m_ObjectHideFlags: 0
  m_CorrespondingSourceObject: {fileID: 0}
  m_PrefabInstance: {fileID: 0}
  m_PrefabAsset: {fileID: 0}
  m_GameObject: {fileID: 6162040268681609343}
  m_LocalRotation: {x: 0.000000015933093, y: 0.000000005762198, z: -0.0000000049024917,
    w: 1}
  m_LocalPosition: {x: 0.00071870413, y: 0.0027125487, z: 0.00025225952}
  m_LocalScale: {x: 1.0076389, y: 0.99782807, z: 1.0076389}
  m_ConstrainProportionsScale: 0
  m_Children: []
  m_Father: {fileID: 5867089672166505587}
  m_RootOrder: 3
  m_LocalEulerAnglesHint: {x: 0, y: 0, z: 0}
--- !u!1 &6507047335528495480
GameObject:
  m_ObjectHideFlags: 0
  m_CorrespondingSourceObject: {fileID: 0}
  m_PrefabInstance: {fileID: 0}
  m_PrefabAsset: {fileID: 0}
  serializedVersion: 6
  m_Component:
  - component: {fileID: 124252517049976294}
  m_Layer: 0
  m_Name: Gun_R_2
  m_TagString: Untagged
  m_Icon: {fileID: 0}
  m_NavMeshLayer: 0
  m_StaticEditorFlags: 0
  m_IsActive: 1
--- !u!4 &124252517049976294
Transform:
  m_ObjectHideFlags: 0
  m_CorrespondingSourceObject: {fileID: 0}
  m_PrefabInstance: {fileID: 0}
  m_PrefabAsset: {fileID: 0}
  m_GameObject: {fileID: 6507047335528495480}
  m_LocalRotation: {x: -0.0000000025714102, y: -0.000000016937136, z: 4.024725e-13,
    w: 1}
  m_LocalPosition: {x: 2.8454308e-10, y: 0.004830883, z: -1.7615549e-10}
  m_LocalScale: {x: 1, y: 0.977729, z: 1}
  m_ConstrainProportionsScale: 0
  m_Children: []
  m_Father: {fileID: 8355914908740136844}
  m_RootOrder: 0
  m_LocalEulerAnglesHint: {x: 0, y: 0, z: 0}
--- !u!1 &6600256876545245791
GameObject:
  m_ObjectHideFlags: 0
  m_CorrespondingSourceObject: {fileID: 0}
  m_PrefabInstance: {fileID: 0}
  m_PrefabAsset: {fileID: 0}
  serializedVersion: 6
  m_Component:
  - component: {fileID: 5646124149056946863}
  - component: {fileID: 3742060583026356142}
  m_Layer: 0
  m_Name: Water
  m_TagString: Untagged
  m_Icon: {fileID: 0}
  m_NavMeshLayer: 0
  m_StaticEditorFlags: 0
  m_IsActive: 1
--- !u!4 &5646124149056946863
Transform:
  m_ObjectHideFlags: 0
  m_CorrespondingSourceObject: {fileID: 0}
  m_PrefabInstance: {fileID: 0}
  m_PrefabAsset: {fileID: 0}
  m_GameObject: {fileID: 6600256876545245791}
  m_LocalRotation: {x: 0, y: 0, z: 0, w: 1}
  m_LocalPosition: {x: -0, y: 0.38035876, z: 0}
  m_LocalScale: {x: 100, y: 100, z: 100}
  m_ConstrainProportionsScale: 0
  m_Children: []
  m_Father: {fileID: 514737587894328197}
  m_RootOrder: 1
  m_LocalEulerAnglesHint: {x: 0, y: 0, z: 0}
--- !u!137 &3742060583026356142
SkinnedMeshRenderer:
  m_ObjectHideFlags: 0
  m_CorrespondingSourceObject: {fileID: 0}
  m_PrefabInstance: {fileID: 0}
  m_PrefabAsset: {fileID: 0}
  m_GameObject: {fileID: 6600256876545245791}
  m_Enabled: 1
  m_CastShadows: 1
  m_ReceiveShadows: 1
  m_DynamicOccludee: 1
  m_StaticShadowCaster: 0
  m_MotionVectors: 1
  m_LightProbeUsage: 1
  m_ReflectionProbeUsage: 1
  m_RayTracingMode: 3
  m_RayTraceProcedural: 0
  m_RenderingLayerMask: 1
  m_RendererPriority: 0
  m_Materials:
  - {fileID: 2100000, guid: 209017871b5dae240b73128387c1993b, type: 2}
  - {fileID: 2100000, guid: 929becb560db37641873d22809d1d638, type: 2}
  - {fileID: 2100000, guid: db32d7372bc4aef4e846843a4634b345, type: 2}
  m_StaticBatchInfo:
    firstSubMesh: 0
    subMeshCount: 0
  m_StaticBatchRoot: {fileID: 0}
  m_ProbeAnchor: {fileID: 0}
  m_LightProbeVolumeOverride: {fileID: 0}
  m_ScaleInLightmap: 1
  m_ReceiveGI: 1
  m_PreserveUVs: 0
  m_IgnoreNormalsForChartDetection: 0
  m_ImportantGI: 0
  m_StitchLightmapSeams: 1
  m_SelectedEditorRenderState: 3
  m_MinimumChartSize: 4
  m_AutoUVMaxDistance: 0.5
  m_AutoUVMaxAngle: 89
  m_LightmapParameters: {fileID: 0}
  m_SortingLayerID: 0
  m_SortingLayer: 0
  m_SortingOrder: 0
  serializedVersion: 2
  m_Quality: 0
  m_UpdateWhenOffscreen: 0
  m_SkinnedMotionVectors: 1
  m_Mesh: {fileID: -6564086670116265437, guid: cb9953f223b75fc4a84c54abfd5a01b7, type: 3}
  m_Bones:
  - {fileID: 4411818167643770829}
  - {fileID: 7013659416978270259}
  - {fileID: 5867089672166505587}
  - {fileID: 6934133971981210015}
  - {fileID: 5864714181758318937}
  - {fileID: 23925221670640533}
  - {fileID: 8222372853156622847}
  - {fileID: 255568571609326051}
  - {fileID: 655305791140579201}
  - {fileID: 821092005858281994}
  - {fileID: 3422566119593753877}
  - {fileID: 7712408508803628240}
  - {fileID: 8106369355470477372}
  - {fileID: 2204949383178448018}
  - {fileID: 8511797236220505501}
  - {fileID: 6861770542795564484}
  - {fileID: 4396352723659601495}
  - {fileID: 6811137189167400342}
  - {fileID: 5002167082291176710}
  - {fileID: 316972491118243482}
  m_BlendShapeWeights: []
  m_RootBone: {fileID: 4411818167643770829}
  m_AABB:
    m_Center: {x: -0.003009043, y: 0.005837158, z: 0}
    m_Extent: {x: 0.006861059, y: 0.004227389, z: 0.002996489}
  m_DirtyAABB: 0
--- !u!1 &7068177702664254306
GameObject:
  m_ObjectHideFlags: 0
  m_CorrespondingSourceObject: {fileID: 0}
  m_PrefabInstance: {fileID: 0}
  m_PrefabAsset: {fileID: 0}
  serializedVersion: 6
  m_Component:
  - component: {fileID: 3422566119593753877}
  m_Layer: 0
  m_Name: Ammo_1
  m_TagString: Untagged
  m_Icon: {fileID: 0}
  m_NavMeshLayer: 0
  m_StaticEditorFlags: 0
  m_IsActive: 1
--- !u!4 &3422566119593753877
Transform:
  m_ObjectHideFlags: 0
  m_CorrespondingSourceObject: {fileID: 0}
  m_PrefabInstance: {fileID: 0}
  m_PrefabAsset: {fileID: 0}
  m_GameObject: {fileID: 7068177702664254306}
  m_LocalRotation: {x: 0.000000012610158, y: 0.7073402, z: 0.000000012617876, w: 0.7068733}
  m_LocalPosition: {x: 0.00042410436, y: 0.0033158397, z: -0.00068234745}
  m_LocalScale: {x: 1, y: 0.99999994, z: 1}
  m_ConstrainProportionsScale: 0
  m_Children: []
  m_Father: {fileID: 5867089672166505587}
  m_RootOrder: 0
  m_LocalEulerAnglesHint: {x: 0, y: 0, z: 0}
--- !u!1 &7248067313628957782
GameObject:
  m_ObjectHideFlags: 0
  m_CorrespondingSourceObject: {fileID: 0}
  m_PrefabInstance: {fileID: 0}
  m_PrefabAsset: {fileID: 0}
  serializedVersion: 6
  m_Component:
  - component: {fileID: 655305791140579201}
  m_Layer: 0
  m_Name: Gun_M_2
  m_TagString: Untagged
  m_Icon: {fileID: 0}
  m_NavMeshLayer: 0
  m_StaticEditorFlags: 0
  m_IsActive: 1
--- !u!4 &655305791140579201
Transform:
  m_ObjectHideFlags: 0
  m_CorrespondingSourceObject: {fileID: 0}
  m_PrefabInstance: {fileID: 0}
  m_PrefabAsset: {fileID: 0}
  m_GameObject: {fileID: 7248067313628957782}
  m_LocalRotation: {x: 1.0824311e-15, y: -0.000000016937136, z: -1.7408105e-15, w: 1}
  m_LocalPosition: {x: 1.1509493e-12, y: 0.004873165, z: 3.2196467e-17}
  m_LocalScale: {x: 1, y: 0.9858498, z: 1}
  m_ConstrainProportionsScale: 0
  m_Children: []
  m_Father: {fileID: 255568571609326051}
  m_RootOrder: 0
  m_LocalEulerAnglesHint: {x: 0, y: 0, z: 0}
--- !u!1 &7788411686434858597
GameObject:
  m_ObjectHideFlags: 0
  m_CorrespondingSourceObject: {fileID: 0}
  m_PrefabInstance: {fileID: 0}
  m_PrefabAsset: {fileID: 0}
  serializedVersion: 6
  m_Component:
  - component: {fileID: 316972491118243482}
  m_Layer: 0
  m_Name: Water_Barrel
  m_TagString: Untagged
  m_Icon: {fileID: 0}
  m_NavMeshLayer: 0
  m_StaticEditorFlags: 0
  m_IsActive: 1
--- !u!4 &316972491118243482
Transform:
  m_ObjectHideFlags: 0
  m_CorrespondingSourceObject: {fileID: 0}
  m_PrefabInstance: {fileID: 0}
  m_PrefabAsset: {fileID: 0}
  m_GameObject: {fileID: 7788411686434858597}
  m_LocalRotation: {x: 0.000000013464619, y: 0.7073402, z: 0.0000000075685875, w: 0.7068733}
  m_LocalPosition: {x: -0.000795113, y: 0.0030381866, z: 0.000032076623}
  m_LocalScale: {x: 0.9997619, y: 0.99999976, z: 0.9997619}
  m_ConstrainProportionsScale: 0
  m_Children: []
  m_Father: {fileID: 5867089672166505587}
  m_RootOrder: 13
  m_LocalEulerAnglesHint: {x: 0, y: 0, z: 0}
--- !u!1 &7932320831870822117
GameObject:
  m_ObjectHideFlags: 0
  m_CorrespondingSourceObject: {fileID: 0}
  m_PrefabInstance: {fileID: 0}
  m_PrefabAsset: {fileID: 0}
  serializedVersion: 6
  m_Component:
  - component: {fileID: 7870988412831930507}
  m_Layer: 0
  m_Name: Top_Coil_2
  m_TagString: Untagged
  m_Icon: {fileID: 0}
  m_NavMeshLayer: 0
  m_StaticEditorFlags: 0
  m_IsActive: 1
--- !u!4 &7870988412831930507
Transform:
  m_ObjectHideFlags: 0
  m_CorrespondingSourceObject: {fileID: 0}
  m_PrefabInstance: {fileID: 0}
  m_PrefabAsset: {fileID: 0}
  m_GameObject: {fileID: 7932320831870822117}
  m_LocalRotation: {x: 0.56272966, y: -0.4285621, z: 0.56235826, w: -0.4282792}
  m_LocalPosition: {x: -0.000000055795713, y: 0.0041321027, z: -0.00008469039}
  m_LocalScale: {x: 1, y: 0.99999994, z: 1}
  m_ConstrainProportionsScale: 0
  m_Children: []
  m_Father: {fileID: 2508159140083894378}
  m_RootOrder: 12
  m_LocalEulerAnglesHint: {x: 0, y: 0, z: 0}
--- !u!1 &8112148808024512055
GameObject:
  m_ObjectHideFlags: 0
  m_CorrespondingSourceObject: {fileID: 0}
  m_PrefabInstance: {fileID: 0}
  m_PrefabAsset: {fileID: 0}
  serializedVersion: 6
  m_Component:
  - component: {fileID: 3947853670529323295}
  m_Layer: 0
  m_Name: Pump
  m_TagString: Untagged
  m_Icon: {fileID: 0}
  m_NavMeshLayer: 0
  m_StaticEditorFlags: 0
  m_IsActive: 1
--- !u!4 &3947853670529323295
Transform:
  m_ObjectHideFlags: 0
  m_CorrespondingSourceObject: {fileID: 0}
  m_PrefabInstance: {fileID: 0}
  m_PrefabAsset: {fileID: 0}
  m_GameObject: {fileID: 8112148808024512055}
  m_LocalRotation: {x: 0.50016505, y: -0.500165, z: 0.4998349, w: -0.499835}
  m_LocalPosition: {x: -0.0016068679, y: 0.0004905125, z: 0.0004538219}
  m_LocalScale: {x: 1.041245, y: 0.95612514, z: 1.041245}
  m_ConstrainProportionsScale: 0
  m_Children: []
  m_Father: {fileID: 2508159140083894378}
  m_RootOrder: 7
  m_LocalEulerAnglesHint: {x: 0, y: 0, z: 0}
--- !u!1 &8263008424731603120
GameObject:
  m_ObjectHideFlags: 0
  m_CorrespondingSourceObject: {fileID: 0}
  m_PrefabInstance: {fileID: 0}
  m_PrefabAsset: {fileID: 0}
  serializedVersion: 6
  m_Component:
  - component: {fileID: 3214220476231504349}
  m_Layer: 0
  m_Name: Rear_Coil_L
  m_TagString: Untagged
  m_Icon: {fileID: 0}
  m_NavMeshLayer: 0
  m_StaticEditorFlags: 0
  m_IsActive: 1
--- !u!4 &3214220476231504349
Transform:
  m_ObjectHideFlags: 0
  m_CorrespondingSourceObject: {fileID: 0}
  m_PrefabInstance: {fileID: 0}
  m_PrefabAsset: {fileID: 0}
  m_GameObject: {fileID: 8263008424731603120}
  m_LocalRotation: {x: -0.7071067, y: 0.70710677, z: 0.0002333832, w: -0.00023337347}
  m_LocalPosition: {x: -0.0009624902, y: 0.0008940434, z: 0.000621862}
  m_LocalScale: {x: 1, y: 1.0000002, z: 1}
  m_ConstrainProportionsScale: 0
  m_Children: []
  m_Father: {fileID: 2508159140083894378}
  m_RootOrder: 8
  m_LocalEulerAnglesHint: {x: 0, y: 0, z: 0}
--- !u!1 &8620533543443492426
GameObject:
  m_ObjectHideFlags: 0
  m_CorrespondingSourceObject: {fileID: 0}
  m_PrefabInstance: {fileID: 0}
  m_PrefabAsset: {fileID: 0}
  serializedVersion: 6
  m_Component:
  - component: {fileID: 2439824727226672530}
  m_Layer: 0
  m_Name: Top
  m_TagString: Untagged
  m_Icon: {fileID: 0}
  m_NavMeshLayer: 0
  m_StaticEditorFlags: 0
  m_IsActive: 1
--- !u!4 &2439824727226672530
Transform:
  m_ObjectHideFlags: 0
  m_CorrespondingSourceObject: {fileID: 0}
  m_PrefabInstance: {fileID: 0}
  m_PrefabAsset: {fileID: 0}
  m_GameObject: {fileID: 8620533543443492426}
  m_LocalRotation: {x: 0, y: 0, z: 0, w: 1}
  m_LocalPosition: {x: 0, y: 0, z: 0}
  m_LocalScale: {x: 1, y: 1, z: 1}
  m_ConstrainProportionsScale: 0
  m_Children:
  - {fileID: 514737587894328197}
  m_Father: {fileID: 8396509131912703900}
  m_RootOrder: 2
  m_LocalEulerAnglesHint: {x: 0, y: 0, z: 0}
--- !u!1 &8769810074701615543
GameObject:
  m_ObjectHideFlags: 0
  m_CorrespondingSourceObject: {fileID: 0}
  m_PrefabInstance: {fileID: 0}
  m_PrefabAsset: {fileID: 0}
  serializedVersion: 6
  m_Component:
  - component: {fileID: 1775870877694544073}
  m_Layer: 0
  m_Name: Ammo_2
  m_TagString: Untagged
  m_Icon: {fileID: 0}
  m_NavMeshLayer: 0
  m_StaticEditorFlags: 0
  m_IsActive: 1
--- !u!4 &1775870877694544073
Transform:
  m_ObjectHideFlags: 0
  m_CorrespondingSourceObject: {fileID: 0}
  m_PrefabInstance: {fileID: 0}
  m_PrefabAsset: {fileID: 0}
  m_GameObject: {fileID: 8769810074701615543}
  m_LocalRotation: {x: 3.7208684e-15, y: 0.7073402, z: -1.3034274e-15, w: 0.7068733}
  m_LocalPosition: {x: -0.0003882927, y: 0.0033158397, z: -0.0003944511}
  m_LocalScale: {x: 1, y: 0.99999994, z: 1}
  m_ConstrainProportionsScale: 0
  m_Children: []
  m_Father: {fileID: 2508159140083894378}
  m_RootOrder: 1
  m_LocalEulerAnglesHint: {x: 0, y: 0, z: 0}
--- !u!1 &8975667685691816641
GameObject:
  m_ObjectHideFlags: 0
  m_CorrespondingSourceObject: {fileID: 0}
  m_PrefabInstance: {fileID: 0}
  m_PrefabAsset: {fileID: 0}
  serializedVersion: 6
  m_Component:
  - component: {fileID: 255568571609326051}
  m_Layer: 0
  m_Name: Gun_M_1
  m_TagString: Untagged
  m_Icon: {fileID: 0}
  m_NavMeshLayer: 0
  m_StaticEditorFlags: 0
  m_IsActive: 1
--- !u!4 &255568571609326051
Transform:
  m_ObjectHideFlags: 0
  m_CorrespondingSourceObject: {fileID: 0}
  m_PrefabInstance: {fileID: 0}
  m_PrefabAsset: {fileID: 0}
  m_GameObject: {fileID: 8975667685691816641}
  m_LocalRotation: {x: 0.000000014166361, y: 0.70734, z: 0.0000000069043655, w: 0.7068735}
  m_LocalPosition: {x: 4.318734e-12, y: 0.004428382, z: 6.573162e-11}
  m_LocalScale: {x: 1.014815, y: 0.99999994, z: 1.014815}
  m_ConstrainProportionsScale: 0
  m_Children:
  - {fileID: 655305791140579201}
  m_Father: {fileID: 5867089672166505587}
  m_RootOrder: 5
  m_LocalEulerAnglesHint: {x: 0, y: 0, z: 0}
--- !u!1 &8986398784654526593
GameObject:
  m_ObjectHideFlags: 0
  m_CorrespondingSourceObject: {fileID: 0}
  m_PrefabInstance: {fileID: 0}
  m_PrefabAsset: {fileID: 0}
  serializedVersion: 6
  m_Component:
  - component: {fileID: 5665572346712048206}
  m_Layer: 0
  m_Name: Rear_Coil_R
  m_TagString: Untagged
  m_Icon: {fileID: 0}
  m_NavMeshLayer: 0
  m_StaticEditorFlags: 0
  m_IsActive: 1
--- !u!4 &5665572346712048206
Transform:
  m_ObjectHideFlags: 0
  m_CorrespondingSourceObject: {fileID: 0}
  m_PrefabInstance: {fileID: 0}
  m_PrefabAsset: {fileID: 0}
  m_GameObject: {fileID: 8986398784654526593}
  m_LocalRotation: {x: -0.5001949, y: -0.49980503, z: -0.49986497, w: 0.500135}
  m_LocalPosition: {x: 0.0009633102, y: 0.00089404336, z: 0.00062059076}
  m_LocalScale: {x: 1, y: 1.0000001, z: 1}
  m_ConstrainProportionsScale: 0
  m_Children: []
  m_Father: {fileID: 2508159140083894378}
  m_RootOrder: 9
  m_LocalEulerAnglesHint: {x: 0, y: 0, z: 0}
--- !u!1 &9116141368168919865
GameObject:
  m_ObjectHideFlags: 0
  m_CorrespondingSourceObject: {fileID: 0}
  m_PrefabInstance: {fileID: 0}
  m_PrefabAsset: {fileID: 0}
  serializedVersion: 6
  m_Component:
  - component: {fileID: 23925221670640533}
  m_Layer: 0
  m_Name: Gun_R_1
  m_TagString: Untagged
  m_Icon: {fileID: 0}
  m_NavMeshLayer: 0
  m_StaticEditorFlags: 0
  m_IsActive: 1
--- !u!4 &23925221670640533
Transform:
  m_ObjectHideFlags: 0
  m_CorrespondingSourceObject: {fileID: 0}
  m_PrefabInstance: {fileID: 0}
  m_PrefabAsset: {fileID: 0}
  m_GameObject: {fileID: 9116141368168919865}
  m_LocalRotation: {x: 0.000000015982906, y: 0.70734, z: 0.000000005086053, w: 0.7068735}
  m_LocalPosition: {x: 0.0007826992, y: 0.004383244, z: -0.0000005172035}
  m_LocalScale: {x: 1.014815, y: 0.99999994, z: 1.014815}
  m_ConstrainProportionsScale: 0
  m_Children:
  - {fileID: 8222372853156622847}
  m_Father: {fileID: 5867089672166505587}
  m_RootOrder: 6
  m_LocalEulerAnglesHint: {x: 0, y: 0, z: 0}
--- !u!1 &9137843013109015169
GameObject:
  m_ObjectHideFlags: 0
  m_CorrespondingSourceObject: {fileID: 0}
  m_PrefabInstance: {fileID: 0}
  m_PrefabAsset: {fileID: 0}
  serializedVersion: 6
  m_Component:
  - component: {fileID: 4411818167643770829}
  m_Layer: 0
  m_Name: Base
  m_TagString: Untagged
  m_Icon: {fileID: 0}
  m_NavMeshLayer: 0
  m_StaticEditorFlags: 0
  m_IsActive: 1
--- !u!4 &4411818167643770829
Transform:
  m_ObjectHideFlags: 0
  m_CorrespondingSourceObject: {fileID: 0}
  m_PrefabInstance: {fileID: 0}
  m_PrefabAsset: {fileID: 0}
  m_GameObject: {fileID: 9137843013109015169}
  m_LocalRotation: {x: 0, y: 0, z: 0, w: 1}
  m_LocalPosition: {x: 0, y: 0, z: 0}
  m_LocalScale: {x: 100, y: 100, z: 100}
  m_ConstrainProportionsScale: 0
  m_Children:
  - {fileID: 7013659416978270259}
  m_Father: {fileID: 514737587894328197}
  m_RootOrder: 0
  m_LocalEulerAnglesHint: {x: 0, y: 0, z: 0}
--- !u!1 &9209214988106511654
GameObject:
  m_ObjectHideFlags: 0
  m_CorrespondingSourceObject: {fileID: 0}
  m_PrefabInstance: {fileID: 0}
  m_PrefabAsset: {fileID: 0}
  serializedVersion: 6
  m_Component:
  - component: {fileID: 8396509131912703900}
  m_Layer: 0
  m_Name: Turret_Water_GFX
  m_TagString: Untagged
  m_Icon: {fileID: 0}
  m_NavMeshLayer: 0
  m_StaticEditorFlags: 0
  m_IsActive: 1
--- !u!4 &8396509131912703900
Transform:
  m_ObjectHideFlags: 0
  m_CorrespondingSourceObject: {fileID: 0}
  m_PrefabInstance: {fileID: 0}
  m_PrefabAsset: {fileID: 0}
  m_GameObject: {fileID: 9209214988106511654}
  m_LocalRotation: {x: 0, y: 0, z: 0, w: 1}
  m_LocalPosition: {x: -0.728, y: 0, z: 10.164}
  m_LocalScale: {x: 1, y: 1, z: 1}
  m_ConstrainProportionsScale: 0
  m_Children:
  - {fileID: 591855853570703106}
  - {fileID: 8388681813803272818}
  - {fileID: 2439824727226672530}
  m_Father: {fileID: 0}
  m_RootOrder: 0
  m_LocalEulerAnglesHint: {x: 0, y: 0, z: 0}
